2155 3643
523 215 577 265 in
608 213 876 282 Epistolam
912 210 1093 264 Iacohi.
1154 209 1270 282 Cap.
1307 209 1416 263 IV.
1681 180 1790 271 μ311

8 371 14 376 ”
85 364 315 426 positum,
362 360 659 412 abiiciendae
703 359 963 423 potestatis
1014 370 1268 420 romanae3
1348 353 1458 421 quia
1504 363 1555 405 et
1594 352 1791 416 Petrus,

88 459 171 520 qui
224 457 484 508 simillimas
543 462 716 507 multas
776 456 1030 506 sententias
1092 457 1294 517 repetit,
1356 440 1566 514 grauiter
1621 452 1793 498 admo-

84 553 192 602 nuit
238 556 297 601 de
345 550 643 603 subiefflone
693 564 744 602 et
790 549 1068 601 obedientia
1125 545 1256 598 ciuili
1305 538 1599 605 magistratui
1648 556 1791 606 prae-

87 636 267 709 standa,
330 661 353 696 1
400 647 553 710 Epist.
605 647 672 704 Π,
735 658 813 709 13.
864 644 1000 707 seqq.
1220 645 1424 702 μηρὼ
1466 666 1530 675 -
1570 639 1796 689 aeranem

87 741 222 806 ὑμᾶς)
276 746 608 801 Μάχεσθαι
661 752 710 790 et
765 750 1040 794 πολεμεῖν
1091 737 1235 788 etiam
1271 739 1330 785 de
1378 735 1581 798 priuatis
1623 733 1796 783 litibus

89 850 138 888 et
193 836 345 887 turbis
407 835 620 885 occurrit
679 839 805 898 apud
860 836 1141 895 Homerum,
1212 831 1431 893 aliosque
1501 826 1798 889 ScriptoneS.

89 938 202 992 ουίρ
249 930 424 991 ἔχετε
468 931 547 992 δέ,
612 930 673 979 sc.
723 929 861 988 illud,
914 933 1047 993 quod
1096 941 1189 979 tam
1239 927 1552 976 uehementer
1591 919 1800 984 optatis·

87 1023 192 1078 Aa&
238 1034 302 1076 τό
361 1025 433 1084 μή
490 1030 808 1077 αἰτεῖσθαι
865 1024 1052 1083 fill-3⁵65
1110 1028 1242 1085 quod
1295 1038 1394 1073 non
1450 1016 1621 1081 petitis
1685 1028 1800 1065 uera

87 1125 218 1172 bona
253 1138 278 1170 a
313 1122 462 1182 Deo3
515 1124 648 1184 quod
689 1135 847 1171 rerum
890 1120 1198 1170 humanarum
1240 1117 1486 1168 dominum
1522 1111 1648 1175 quasi
1678 1125 1800 1160 con-

87 1215 322 1266 temnitis.
385 1214 552 1278 Itaque
588 1215 723 1266 iubet
772 1214 1037 1277 Apostolus
1074 1231 1124 1266 u.
1160 1227 1213 1278 7.
1283 1213 1393 1262 Deo
1448 1219 1500 1260 ut
1548 1209 1592 1259 se
1632 1218 1682 1255 et
1719 1217 1802 1256 res

90 1314 193 1363 suas
248 1310 444 1361 omnino
485 1309 765 1364 ‘subiiciann
818 1322 866 1358 et
907 1308 1084 1358 uariam
1135 1308 1262 1369 spem
1311 1319 1360 1355 et
1408 1300 1672 1364 superbiam
1717 1299 1799 1347 fu-

88 1408 235 1471 giant.
333 1406 415 1456 Cf.
468 1403 648 1452 Matth-
698 1403 791 1464 VI,
848 1416 935 1466 24.
982 1403 1113 1465 seqq.
1205 1403 1335 1450 Fons
1379 1399 1527 1461 igitur
1568 1407 1801 1446 uotorum

89 1514 321 1550 minorum
379 1512 480 1549 erat
531 1499 827 1561 negligentia
879 1499 996 1564 Dei,
1054 1511 1104 1548 et
1149 1496 1392 1547 diffolutio
1434 1491 1598 1557 animi,
1635 1489 1684 1539 in
1720 1501 1804 1537 ua·

89 1596 159 1645 ria
197 1594 426 1645 defideria
457 1595 657 1645 ruentis,

255 1753 299 1800 3.
341 1741 506 1787 αἰτεῖτε
557 1763 621 1772 —-
669 1736 985 1798 δαπανήσητε)
1041 1736 1121 1786 Ad
1176 1734 1298 1784 alios
1373 1728 1535 1780 oratio
1594 1739 1801 1777 conuer-

91 1834 250 1895 titur,
318 1831 401 1910 qu}
468 1848 568 1881 non
634 1845 768 1883 erant
823 1835 944 1881 adeo
1008 1829 1201 1890 profani
1254 1839 1303 1877 et
1368 1823 1539 1886 impii,
1603 1835 1659 1871 ac
1724 1815 1803 1867 isti

92 1929 191 1978 alii.
323 1927 644 1977 Precabantur
695 1929 920 1988 quidem,
1000 1925 1080 1974 sed
1131 1938 1282 1987 prauo
1341 1920 1532 1976 animo,
1595 1926 1645 1964 et
1709 1913 1806 1962 irn-

91 2025 251 2085 probo
310 2022 585 2085 propofitO,
650 2036 749 2069 non
802 2032 855 2069 ut
909 2021 1142 2069 habentes
1208 2012 1465 2065 neceffaria
1532 2012 1643 2061 Deo
1704 2009 1802 2057 ser-

93 2118 288 2178 uirent,
377 2114 458 2164 sed.
523 2127 574 2166 ut
637 2115 906 2173 haberent,
985 2128 1103 2178 quae
1170 2111 1221 2160 in
1281 2113 1556 2171 uoluptates
1623 2104 1845 2166 impens

95 2215 285 2261 cierent.

173 2407 176 2409 .
251 2370 305 2419 4.
350 2362 514 2415 Μοιχοὶ
553 2365 627 2405 καὶ
678 2353 951 2418 μοιχαλίδες)
1018 2358 1154 2404 Haec
1210 2355 1355 2405 uerba
1405 2345 1625 2401 nonnulli
1687 2339 1808 2393 Olim

92 2449 412 2500 adiunxerunt
469 2451 625 2500 uersui
695 2444 1063 2512 praecedenti,‘'
1109 2464 1254 2511 quum
1305 2449 1361 2497 fit
1403 2441 1522 2497 noui
1574 2435 1809 2491 sermonis

90 2542 298 2593 initium.
387 2544 558 2594 Voces
607 2541 818 2611 adulteri
877 2556 928 2594 et
976 2540 1228 2594 adulterae
1280 2543 1362 2592 hic
1401 2542 1507 2592 sunt
1553 2536 1805 2587 sumendae

92 2635 143 2686 in
175 2637 304 2688 sensu
341 2638 567 2701 figurato,
631 2643 690 2690 de
729 2639 791 2689 iis
835 2640 918 2701 qui
972 2641 1082 2690 Deo
1133 2639 1213 2688 uni
1247 2654 1346 2687 non
1381 2636 1660 2692 adhaerent,
1711 2638 1806 2677 nec

17 2790 32 2798 ο
93 2731 140 2780 ei
197 2747 286 2795 per
334 2735 496 2783 omnia
556 2749 724 2796 parere
792 2733 1010 2798 cupiunt,
1079 2735 1155 2783 sed
1215 2732 1386 2794 partim
1447 2731 1579 2782 Deo,
1631 2720 1807 2785 partim

92 2830 271 2876 mundo
322 2827 369 2876 se
437 2833 839 2886 accommodant3
903 2827 955 2878 hi
1006 2829 1130 2877 enim
1178 2826 1349 2874 snniles
1399 2824 1502 2873 sunt
1543 2820 1602 2870 iis
1642 2813 1809 2872 conia:

92 2921 254 2983 gibus,
311 2922 394 2985 qni
451 2921 554 2984 suo,
605 2926 684 2971 uel
732 2924 805 2971 sua
853 2924 1061 2984 coniuge
1113 2938 1211 2971 non
1269 2916 1516 2973 contenti,
1571 2923 1806 2964 externos

93 3027 285 3063 amores
316 3017 597 3069 admiscent.
710 3017 1031 3080 Defignantur
1079 3015 1205 3065 haud
1245 3012 1391 3062 dubie
1431 3009 1674 3073 homine5‚
1725 3003 1807 3069 qui

92 3122 183 3160 nec
222 3108 476 3164 Christiani
535 3111 630 3166 iam
682 3125 774 3163 nec
829 3110 993 3162 Iudaei
1043 3119 1195 3170 erant,
1255 3117 1462 3170 propter
1496 3118 1698 3170 quorum
1739 3102 1810 3153 in·

963 3203 1012 3250 U
1047 3217 1085 3265 4
1614 3197 1809 3255 famiam
