2155 3643
465 225 518 276 in
544 221 807 296 Epistolam
835 224 878 278 Ῑ.
905 221 974 277 ad
1011 219 1324 277 Timotheum.
1385 224 1503 296 Cap.
1529 225 1608 283 V.
1807 241 1875 298 45

181 370 456 424 haberetur.
523 368 710 428 oman*
741 374 879 429 rev-n*
924 369 987 438 est
1036 371 1147 442 plus
1184 369 1433 442 stipendii,
1492 374 1646 424 maius
1687 372 1877 444 stipen-

182 463 310 516 dium
345 481 481 528 quam
518 466 653 531 illud,
689 470 820 528 quod
857 468 1160 529 accipiebant
1193 469 1383 532 uiduae,
1444 483 1562 532 quae
1605 469 1746 519 etiam
1786 487 1875 534 pu-

179 561 321 610 blicis
357 561 585 613 sumtibus
629 560 858 612 iuuandae
893 571 1046 611 erant.
1145 562 1335 618 Διτλιῖ
1383 561 1530 626 igitur
1567 563 1761 615 sumitur
1807 565 1878 615 in·

181 656 527 717 determinate3
555 670 659 703 nam
695 667 747 703 ut
777 667 1002 704 numerus
1050 654 1389 706 determinatus
1427 655 1740 721 intelligatur,
1794 659 1880 728 uix

179 750 360 812 patitur
390 765 490 800 uox
528 754 775 806 μάλιςα.
844 747 895 797 Si
927 762 1095 797 omnes
1132 743 1320 816 duplum
1358 750 1578 812 accipere
1614 755 1876 814 debebant,

176 845 212 894 ii
245 846 369 900 sane,
418 842 498 905 qui
545 836 797 892 doetrinae
843 842 1092 904 Euangelii
1137 843 1386 906 uacabant,
1444 843 1565 894 nihil
1612 849 1878 899 retuliffent

176 939 397 998 amplius,
462 938 623 987 Διπλές
651 937 750 986 hoc
800 937 929 986 sensu
967 937 1116 985 habes
1160 935 1252 988 les.
1285 936 1397 998 XL,
1435 949 1485 988 2.
1522 939 1697 989 Ierem.
1730 942 1876 1006 XVI,

175 1037 253 1090 18·
319 1031 538 1081 onrem
574 1032 840 1082 deformem
876 1033 1085 1081 διπλέν
1123 1039 1266 1089 κακὸν,
1309 1027 1491 1100 duplex
1521 1031 1714 1098 malum,
1748 1037 1779 1087 i.
1827 1053 1872 1087 e.

173 1129 325 1178 multo
373 1127 522 1175 maius
566 1131 744 1189 ‚malum
785 1139 932 1176 uocat
965 1125 1186 1175 Achilles
1220 1125 1388 1176 Tatius
1428 1127 1490 1192 L,
1543 1129 1586 1182 Ι.
1749 1136 1875 1190 pam-

172 1244 235 1275 4-oe
266 1248 329 1258 —
369 1222 645 1283 διδασκαλίᾳ)
700 1223 1035 1283 Repetendum
1089 1219 1139 1271 in
1200 1233 1464 1272 contextu:
1538 1227 1667 1282 τιμῆς
1717 1229 1872 1286 διπλῆς

171 1315 442 1374 ἃξιέσθωσαν.
556 1327 625 1367 Οἵ
671 1315 985 1369 ›cortiva-ec
1042 1314 1096 1364 ἰν
1145 1325 1284 1377 λόγῳ
1331 1329 1430 1369 καὶ
1482 1328 1870 1382 διδασκαλίᾳ,

172 1413 252 1478 qui
284 1411 399 1461 aliis
441 1406 743 1476 instituendis
788 1403 910 1458 dant
958 1422 1167 1476 operam,
1233 1422 1273 1461 ot
1317 1411 1375 1471 τῆ
1424 1415 1482 1464 τὲ
1534 1423 1640 1472 λόγε
1693 1427 1877 1476 διακονίᾳ

168 1511 561 1569 noenu-rapinam,
599 1516 651 1555 ut
684 1500 862 1556 After.
891 1503 984 1568 VI,
1027 1519 1080 1568 4.
1190 1508 1358 1558 Plures
1393 1513 1531 1562 unius
1570 1520 1739 1561 coetus
1770 1525 1871 1562 tum

168 1613 304 1652 erant
340 1596 658 1665 inspestoreS,
703 1613 905 1661 quorum
953 1599 1169 1648 nonnulli
1209 1602 1446 1663 publicam
1493 1615 1674 1655 tantum
1709 1620 1872 1658 curam

167 1695 397 1746 ecclefiae
431 1695 690 1756 habebant,
723 1691 804 1744 alii
843 1693 987 1744 etiam
1024 1697 1264 1746 docebant
1294 1701 1545 1762 populum.

338 1887 412 1940 18.
447 1885 557 1939 λέγει
595 1910 659 1921 -·-
698 1885 924 1948 Φιμῶσεις)
980 1885 1110 1935 Vide
1157 1896 1320 1936 notata
1361 1889 1420 1936 ad
1471 1901 1492 1937 1
1532 1888 1644 1941 Cor.
1690 1892 1776 1952 IX,
1809 1910 1866 1958 9.

165 1973 283 2032 ἄξιος
310 2005 389 2020 -—
421 1978 559 2041 ἁυτέ)
594 1980 775 2032 matth.
809 1979 873 2037 X,
912 1992 988 2033 10.
1057 1979 1139 2029 Est
1188 1980 1418 2030 sententia
1455 1979 1583 2032 inter
1612 1986 1867 2038 Hebraeos

167 2069 296 2119 trita.
363 2072 526 2122 Verba
573 2088 673 2123 non
708 2084 872 2125 extant
905 2073 954 2125 in
1006 2074 1068 2124 V.
1111 2076 1173 2126 T.
1209 2077 1287 2128 sed
1321 2078 1489 2128 Paulus
1522 2076 1642 2128 haec
1677 2084 1736 2129 de
1778 2082 1863 2132 suo

162 2165 362 2215 addidit.

321 2371 396 2414 19.
429 2367 546 2408 κατὰ
586 2358 840 2421 πρεσβυτέρ8
872 2382 936 2393 ·-··
981 2355 1223 2422 μαρτῦρων)
1256 2363 1624 2425 Πρεσβυτὲρε
1663 2370 1859 2423 nomine

156 2449 240 2500 hic
269 2450 349 2500 alii
384 2450 657 2513 intelligunt
696 2468 804 2502 eum
849 2452 931 2516 qui
967 2453 1036 2502 est
1067 2451 1303 2516 proue&a
1351 2468 1527 2520 aetate,
1569 2461 1649 2511 alii
1677 2466 1856 2525 πρεσβύ-

155 2566 271 2605 τερον
319 2545 526 2607 honore,
588 2552 719 2609 quod
768 2545 1172 2610 praecedentibus
1222 2548 1383 2599 uerbis
1434 2550 1505 2600 est
1562 2558 1857 2609 conuenien-

159 2638 274 2690 tius,
382 2640 518 2703 Lege
569 2641 722 2691 Molis
767 2656 913 2690 nemo
972 2643 1180 2692 damnari
1234 2653 1428 2705 poterat
1482 2646 1715 2712 criminiS,
1770 2651 1855 2703 nisi

160 2731 309 2781 cauffa
338 2736 539 2793 probata
577 2750 667 2798 per
698 2735 844 2784 testes
879 2740 1019 2785 duos.
1119 2735 1188 2786 At
1228 2748 1424 2799 poterat
1463 2743 1522 2788 ad
1557 2741 1692 2792 unius
1721 2745 1856 2797 testis

157 2821 340 2875 dietum
372 2826 444 2876 uir
474 2810 695 2891 plebeius
747 2829 874 2891 capi,
923 2840 1005 2879 aut
1037 2842 1206 2881 contra
1259 2847 1366 2881 eum
1403 2832 1639 2894 inquisitio
1669 2833 1819 2902 incipi
1831 2849 1855 2901 3

154 2933 256 2969 non
292 2919 359 2970 ita
408 2933 563 2971 autem
606 2936 773 2974 contra
819 2925 1101 2981 senatorem,
1158 2923 1234 2975 cui
1287 2926 1618 2988 aequiparatur
1650 2935 1852 2997 presby-

155 3023 248 3064 ter.
348 3014 495 3065 Ratio
528 3017 598 3067 est
645 3018 824 3069 facilis.
924 3023 1096 3072 Solent
1130 3033 1323 3082 nempe,
1379 3018 1462 3091 qui
1509 3020 1708 3073 aliorum
1751 3026 1847 3076 cri-

156 3104 282 3156 mina
313 3109 580 3176 corrigunt,
639 3115 900 3164 multorum
939 3127 1105 3178 patere
1157 3111 1303 3170 odiis,
1365 3124 1417 3164 et
1468 3115 1625 3168 totius
1678 3119 1866 3183 populi,

1751 3229 1844 3278 pro
