2155 3643
360 138 431 214 *in
466 160 729 232 Epistulam
762 159 901 211 Petri
929 154 1251 227 posteriorem.
1320 153 1436 223 Cap.
1459 153 1506 206 I.
1699 155 1812 226 395·ι

90 310 364 375 caliginem,
421 321 470 358 et
529 310 751 359 obscurat
795 305 942 366 ipsam
976 309 1236 354 lucernam.
1302 300 1382 352 Sic
1429 298 1573 350 etiam
1610 295 1795 350 doctri.

35 465 38 467 Α
88 419 147 453 na
191 402 365 453 Christi
411 417 578 452 omnes
628 399 838 460 dispellit
899 400 1195 462 ignorantiae
1242 399 1488 455 tenebam,
1543 408 1591 445 et
1648 400 1798 458 longe

89 497 277 565 superat
315 497 501 546 ratione
557 494 785 544 claritatis
830 491 1100 542 doctrinam
1133 490 1495 553 Prophetarum.
1562 489 1803 555 Diligenti

92 594 456 660 comparatione
490 591 720 646 instituta,
776 588 919 636 facile
972 589 1070 637 hoc
1125 584 1376 635 discrimen
1425 585 1694 649 apparebit,
1751 597 1804 636 et

89 699 226 735 mens
274 679 438 735 diuirio
479 686 658 734 lumine
705 682 1032 732 illustrabitur.
1127 679 1315 729 Patebit
1362 681 1520 736 etiam,
1573 680 1802 731 uaticinia

91 780 438 843 Prophetarum
490 777 673 840 Spiritu
724 780 772 826 S.
820 776 1080 834 inspirante
1132 775 1225 823 effe
1268 774 1419 835 edita,
1472 789 1615 835 quum
1657 792 1802 826 euen-

92 887 168 924 tus
206 885 297 921 tam
336 877 500 934 pulcre
539 885 807 935 congruant
855 867 1012 920 dietis.
1110 870 1334 918 Ceterum
1380 869 1509 917 Ven.
1568 865 1801 918 Griesha-

93 965 228 1016 chius
260 969 435 1029 Progr.
484 967 566 1014 cit.
601 978 757 1016 totum
814 965 940 1013 hunc
998 968 1157 1013 locum
1212 965 1424 1024 explicat
1471 967 1530 1011 de
1568 963 1805 1014 uaticiniis

93 1076 118 1110 a
153 1061 412 1124 prophetis
462 1059 737 1125 christianis
777 1064 837 1108 de
892 1060 1105 1121 glorioso
1146 1058 1321 1108 Christi
1368 1058 1525 1108 reditu
1569 1059 1807 1120 prolati53

95 1171 235 1219 quam
279 1156 471 1219 quidem
525 1154 796 1204 sententiam
851 1155 1012 1203 multis
1062 1155 1330 1203 rationibus
1391 1151 1673 1216 confirmare
1708 1152 1806 1202 stu-

97 1257 197 1302 det.
323 1251 473 1300 Fuisse
529 1249 655 1300 inter
715 1249 1012 1299 Christianos
1063 1250 1189 1299 haud
1220 1263 1418 1311 pauco&
1470 1249 1550 1307 qui
1597 1248 1810 1311 prophe-

97 1345 192 1394 tiae
255 1350 387 1395 dono
450 1339 670 1394 instructi
733 1344 898 1400 effent,
955 1359 1097 1393 nemo
1151 1344 1343 1404 quidem
1415 1342 1626 1404 ignorat.
1716 1341 1814 1392 Cur

99 1454 258 1490 autem
317 1441 375 1488 ab
440 1438 680 1488 eiusmodi
736 1437 993 1499 prophetis
1047 1433 1276 1503 gloriosus
1344 1434 1516 1498 christi
1573 1433 1810 1486 aduentus

98 1532 427 1597 praenunciari
484 1532 723 1594 debuerit,
788 1532 1010 1596 equidem
1066 1532 1279 1581 rationes
1317 1549 1416 1581 non
1470 1531 1578 1581 satis
1624 1530 1808 1593 perspi-

103 1631 214 1689 cio;
275 1643 380 1677 nam
436 1627 648 1677 Christus
706 1627 805 1688 ipse
858 1629 985 1675 hunc
1038 1628 1164 1676 suum
1211 1631 1466 1677 aduentum
1519 1638 1613 1675 tam
1675 1627 1815 1687 saepe

102 1734 244 1784 atque
279 1735 371 1771 tam
409 1726 535 1771 clare
580 1719 883 1784 promiserat,
938 1733 989 1770 ut
1030 1722 1171 1771 nouis
1213 1721 1355 1772 huius
1399 1721 1472 1772 rei
1516 1715 1815 1784 praedistin-

103 1816 244 1868 nibus
280 1830 403 1878 opus
446 1816 582 1868 fuiffe
622 1831 721 1866 non
756 1815 993 1867 uideatur.

265 2018 349 2055 20.
400 2005 512 2053 τὲτο
568 2005 728 2063 πρῶτον
785 2029 849 2039 —-
908 2000 941 2055 ε’
1011 2003 1196 2062 γίνεται)
1269 2007 1567 2064 Interpretes
1639 2003 1816 2053 Graeci

108 2102 256 2151 uerba
312 2097 570 2149 ἐπιλύειν
626 2112 676 2148 et
735 2099 999 2148 ἐπίλυσιν
1055 2099 1377 2149 adhibuerunt
1443 2103 1503 2147 ad
1564 2097 1817 2159 explican-

110 2203 221 2247 dum
277 2194 412 2243 hebr.
464 2192 599 2248 ἾΠΞ
649 2196 705 2242 'et
772 2192 1065 2254 Ε’ΞἻΠΞ,
1137 2210 1183 2245 e.
1254 2210 1302 2257 g.
1365 2193 1489 2243 Gen.
1547 2192 1684 2250 XLI,
1735 2203 1816 2243 12.

105 2289 389 2343 Ἐτίλυσις
439 2289 600 2351 itaque
663 2288 779 2336 esset
836 2287 1196 2354 interpretatio,
1266 2286 1557 2356 explicatio,
1661 2289 1821 2351 Quum

109 2400 227 2434 uero
252 2388 312 2433 ad
350 2382 799 2444 interpretationem
853 2383 1163 2441 somniorum,
1218 2387 1277 2432 de
1331 2399 1421 2446 qua
1471 2388 1508 2437 1.
1543 2398 1588 2435 c.
1623 2383 1694 2431 est
1727 2381 1818 2432 ser-

110 2493 226 2543 1ῃο,
287 2477 553 2538 requiratur
609 2477 751 2524 etiam
800 2477 1015 2526 inuentio
1068 2492 1227 2527 rerum
1271 2477 1675 2535 absconditarum,
1728 2491 1819 2539 per

111 2571 290 2622 somnia
326 2569 828 2634 praefignificatarum‚
875 2571 987 2621 hinc
1032 2571 1306 2627 ἐπίλυσις
1339 2574 1461 2622 uerti
1491 2572 1646 2633 posset
1677 2570 1823 2620 etiam

113 2667 347 2716 inuentio.
447 2666 642 2715 Plurimi
693 2678 925 2719 uertuntt
991 2663 1189 2714 Nullum
1241 2666 1528 2714 uaticinium
1581 2663 1819 2716 humanae

78 2756 462 2829 (declarationis
512 2758 989 2826 interpretationisue
1042 2757 1150 2823 est·‚·
1205 2760 1383 2808 nemini
1437 2761 1554 2809 licet
1614 2760 1819 2822 proprio

118 2852 319 2903 arbitrio
379 2853 704 2914 interpretari.
811 2855 948 2906 Alii:
1011 2852 1277 2903 Vaticinia
1332 2857 1387 2902 in
1434 2853 1597 2902 Sacris
1643 2849 1820 2903 litteris

119 2944 396 3012 confignata
445 2961 538 2993 non
596 2943 706 3006 funt
763 2945 967 2998 humano
1010 2948 1203 3014 ingenio
1260 2949 1459 2998 inuenta
1515 2954 1562 2998 et
1619 2950 1823 3015 excogi-

119 3046 253 3096 tata.
382 3043 516 3092 Haec
577 3040 842 3104 explicatio
898 3044 1022 3096 bene
1071 3043 1301 3097 cohaeret
1362 3057 1471 3095 cum
1515 3057 1693 3105 comm.
1744 3057 1825 3094 21.

1730 3152 1826 3200 quo
