2155 3643
468 248 519 298 in
545 245 810 317 Epistolam
841 244 908 297 ad
929 245 1198 299 Hebraeos.
1228 223 1229 226 Ἴ
1271 244 1393 317 Cap.
1424 247 1497 299 V.
1723 247 1827 304 169

119 405 213 463 pro
262 393 500 461 penatis,
572 408 692 456 quae
745 409 808 444 ex
865 390 1136 443 obliuione‘
1162 406 1242 446 aut
1283 391 1688 460 inconsiderantia
1745 388 1832 454 ipfi

126 488 488 546 commiserant,
540 492 647 550 lege
703 489 864 540 Leuit.
917 488 1010 549 IV,
1057 502 1084 551 3
1129 515 1194 524 —
1241 502 1317 541 12.
1459 488 1830 539 similitudinem

128 581 306 630 Christi
349 594 397 631 et
434 583 684 632 pontificis
719 583 911 633 humani
953 600 1050 634 non
1098 588 1222 635 ultra
1264 589 1457 636 tertium
1509 582 1829 647 comparatio-

127 674 201 724 nis
236 680 582 725 extendendam
629 680 739 741 effe,
798 664 971 739 sponte
1015 690 1225 739 apparet.
1335 679 1608 728 Similitudo
1658 691 1832 738 nempe

124 773 247 822 haec
279 769 381 821 estz
445 755 685 820 Humanus
741 771 972 822 Pontifex
1024 773 1125 835 ipse
1178 784 1381 834 peccat3
1423 789 1545 836 ergo
1590 774 1713 823 lenis
1764 769 1835 820 est

127 876 548 927 ergaffpeccantes.
617 864 833 915 Christus
874 864 1081 915 afflic‘tus
1120 867 1229 927 est3
1287 884 1406 932 ergo
1442 868 1651 916 libenter
1691 879 1836 928 opem

127 959 226 1008 fert
273 954 484 1010 affiieHS.
597 959 754 1024 Quare
787 959 921 1011 addit
962 961 1230 1025 Apostolus
1272 975 1316 1015 c.
1357 962 1450 1022 tv,
1501 976 1576 1024 15.
1658 970 1833 1021 χωρὶς

126 1061 441 1114 ἆμαρ-τίεις.
1596 1096 1657 1137 ,ὓ

291 1219 345 1268 4.
384 1211 458 1254 καὶ
505 1203 568 1264 ἐκ
606 1202 745 1266 ἐαυτῷ
778 1230 844 1240 -
896 1203 1078 1267 Ἀαρών)
1156 1204 1423 1256 Praeterea
1475 1223 1567 1257 non
1630 1222 1834 1279 arrogat

118 1295 212 1366 fibi
248 1296 425 1366 aliquis
470 1297 710 1356 honorem,
769 1298 963 1360 (munus
1017 1299 1311 1362 publicum‚)
1362 1297 1454 1365 sed
1502 1305 1582 1370 qui
1634 1315 1833 1357 uocatus

131 1408 164 1442 a
194 1393 324 1457 Deo,
364 1401 420 1444 ut
451 1402 498 1443 et
531 1396 701 1443 Aaron
743 1400 942 1442 uocatus
975 1390 1055 1458 est.
1153 1395 1246 1445 Hic
1286 1413 1464 1447 nouum
1504 1412 1832 1463 argumentum

131 1484 381 1538 trae‘tatur.
451 1489 733 1538 ostenditur
769 1503 960 1549 nempe,
1011 1489 1246 1539 Christum
1285 1492 1386 1541 iure
1437 1496 1708 1554 meritoque
1756 1498 1834 1547 ha.

130 1583 246 1649 beri
274 1599 361 1646 pro
416 1582 669 1646 pontifice,
732 1584 945 1644 quamuis
998 1600 1096 1634 non
1150 1597 1286 1634 ortus
1338 1585 1395 1635 fit
1449 1602 1476 1636 e
1530 1590 1655 1655 tribu
1698 1591 1836 1646 Leni.

130 1680 300 1738 Τιμῆ,
360 1695 529 1729 munus
574 1681 851 1743 publicum,
921 1681 980 1727 ad
1025 1683 1156 1741 quod
1208 1680 1314 1742 quis
1358 1681 1448 1731 rite
1501 1698 1704 1735 uocatus
1747 1687 1834 1746 est,

131 1774 419 1832 nominatim*
454 1775 501 1824 in
533 1776 631 1824 hoc
668 1780 781 1825 loco
818 1777 1032 1835 ἱερωσύνη.
1153 1777 1267 1824 Erat
1302 1791 1474 1839 nempe
1518 1779 1838 1831 sacerdotium

132 1847 292 1932 τλιμνῑ,
333 1870 428 1920 κατ’
485 1870 653 1929 ἐξοχμῑνς
701 1883 750 1918 et
801 1885 825 1918 a
881 1869 1072 1918 Iudaeis
1125 1871 1288 1932 regiae
1340 1871 1558 1935 dignitati
1598 1889 1653 1922 ac
1690 1873 1838 1937 splen-

136 1961 244 2012 dori
278 1966 660 2026 praeferebatur,
712 1975 763 2013 ut
813 1978 875 2012 ef<
913 1964 1159 2026 Agrippae
1208 1964 1385 2014 litteris
1440 1971 1498 2015 ad
1543 1967 1706 2016 Caium
1755 1983 1839 2031 pa-

136 2068 245 2118 tet,
306 2072 420 2120 quas
480 2058 618 2107 Philo
675 2059 909 2120 legationi
973 2063 1032 2106 ad
1083 2057 1221 2106 istum
1284 2059 1494 2110 inseruit.
1612 2063 1729 2115 Vid.
1784 2078 1837 2127 p.

140 2163 290 2213 1031.
328 2151 383 2204 C.
437 2154 509 2201 Ita
557 2163 797 2202 commate
837 2152 1082 2214 sequente,
1134 2157 1265 2214 quod
1317 2153 1399 2202 hic
1446 2156 1592 2213 τιμή
1642 2155 1838 2220 dicitur,

136 2254 274 2301 δόξει
312 2245 398 2296 est·

290 2393 340 2444 5·
390 2379 481 2430 ἕτω
527 2391 602 2431 καὶ
633 2407 696 2417 ·-·
743 2381 971 2440 γεγέννηκά.
1017 2382 1087 2443 σε)
1138 2381 1273 2444 Ὀυχ
1326 2383 1530 2434 :aurbu
1582 2392 1838 2458 ἐδόξασε,

138 2489 234 2524 non
281 2472 379 2542 ipse
408 2473 500 2543 fibi
553 2475 773 2526 honorem
818 2473 1005 2528 tribuit.
1128 2478 1221 2541 Qui
1263 2478 1478 2541 superbia
1520 2484 1839 2544 ducebantur,

138 2574 220 2620 uel
254 2572 359 2621 aliis
397 2569 668 2629 affeffibus,
712 2587 819 2620 eum
871 2576 930 2621 ad
966 2574 1011 2622 se
1060 2587 1229 2634 rapere
1283 2573 1519 2622 honorem
1561 2582 1839 2644 tendebant,

140 2677 214 2723 ut,
251 2664 331 2728 qui
384 2681 489 2714 cum
542 2665 670 2715 Core
713 2665 1130 2725 conspirauerant3
1186 2678 1238 2715 ut
1285 2668 1505 2720 Alcimus
1552 2684 1600 2719 et
1643 2675 1841 2723 Macca-

139 2761 267 2817 baei,
324 2775 466 2822 quum
516 2774 671 2832 tamen
726 2761 830 2810 iure
882 2760 1176 2810 hereditario
1232 2761 1439 2811 Aaronis
1494 2776 1611 2822 gens
1660 2781 1685 2814 a
1729 2767 1840 2819 Deo

138 2854 447 2918 priuilegium
482 2855 752 2918 accepifl'et,
804 2865 856 2903 ut
894 2855 1047 2904 maior
1081 2869 1193 2905 natu
1228 2872 1317 2918 per
1355 2869 1504 2905 totam
1540 2859 1685 2908 uitam
1722 2845 1846 2913 suin-

140 2961 249 2997 mus
297 2950 533 2999 Sacerdos
583 2960 901 3009 permaneret.
1037 2949 1273 2999 Christum
1342 2963 1498 3000 autern
1559 2953 1846 3007 Pontificem

143 3040 391 3091 constituit
424 3044 571 3093 Deus.
628 3042 817 3091 Locum
850 3041 924 3094 Ps.
964 3042 1032 3101 11,
1077 3056 1133 3108 7.
1184 3043 1274 3092 ia'm
1311 3044 1447 3107 supra
1495 3045 1536 3105 Ι,
1589 3059 1633 3110 5.
1695 3055 1843 3101 addu-

144 3126 295 3195 ⁴stum,
324 3135 416 3186 iam
450 3135 649 3199 repetit,
698 3146 751 3186 ut
786 3134 1024 3194 ostendat,
1088 3135 1328 3189 Christum
1385 3141 1444 3190 ab
1494 3146 1669 3195 eodem
1700 3161 1847 3197 noca-

1036 3228 1082 3279 1⁴
1119 3245 1144 3292 ς
1746 3250 1848 3291 tmn
