2155 3643
438 224 491 277 z'n
523 221 789 294 Epistulam
817 224 858 276 Ι.
891 220 958 274 ad
991 219 1308 274 Timotheum.
1357 219 1476 292 Cap.
1514 221 1617 274 VI.
1787 228 1864 286 47

157 373 228 425 tis
277 370 400 423 haec
456 372 603 422 uerba
644 371 882 436 referunt,
942 371 1009 422 ita
1052 380 1105 421 ut
1155 383 1262 421 cum
1313 365 1720 432 praecedentibus
1762 382 1864 420 non

158 466 465 519 cohaereant.

315 598 397 650 23.
441 588 530 639 ἀλλ’
583 596 758 649 ὄῖνῳ-
803 588 1047 646 ἀσθενείας)
1106 589 1199 637 Per
1259 583 1413 638 ἶινον
1463 596 1653 645 ὀλίγον
1700 588 1864 637 uinum

156 686 257 736 fi'on
292 681 407 746 uile,
446 684 527 733 sed
574 680 802 732 modicum
836 680 1075 743 intellige.
1211 681 1550 732 Artemidorus
1586 681 1863 734 onirocrit.

157 781 202 838 I,
241 786 325 841 58.
362 777 466 827 {avon
497 782 624 826 πίνειν
661 785 793 834 ὀλίγον
824 781 1003 831 ἀγαθὸν·
1132 773 1416 825 Plutarchus
1471 779 1530 824 de
1579 777 1864 840 Heliopoli-

156 874 282 925 taniS
314 873 529 936 Aegypti
568 868 936 922 sacerdotibus:
1002 871 1104 918 οἴνου
1136 876 1178 918 οἵ
1221 869 1300 929 μὲν
1337 868 1394 920 8⁹56
1438 868 1651 931 εἰσφέρὸσι
1686 879 1737 920 τὸ
1774 893 1863 922 τα-

155 975 291 1030 ρὰταν
318 978 375 1022 εἰς
406 974 456 1017 τὸ
489 973 589 1025 ἱερὸν
625 990 690 1000 ·-
724 974 760 1013 ὁι
795 965 843 1014 δέ
884 970 1002 1013 ἄλλοι
1034 965 1220 1024 χρῶνται
1257 962 1352 1023 μὲν.
1444 973 1572 1026 ὀλίγῳ
1611 975 1677 1013 δε.
1757 977 1865 1019 Διὶ

155 1072 253 1113 τὸν
305 1070 370 1116 ςό
382 1068 575 1121 μοιχόν
621 1079 703 1116 σε,
759 1066 962 1127 propter
1025 1056 1401 1109 imbecillitatem
1446 1055 1708 1110 uentriculi
1770 1062 1864 1110 tui.

155 1160 467 1207 Recreandae
532 1152 772 1203 eiusmodi
827 1153 1067 1203 debilitati
1131 1152 1290 1205 uinum
1346 1153 1592 1219 propinari
1629 1153 1862 1205 *solitum-

154 1248 313 1301 Recte
363 1249 597 1299 iudicauit
638 1245 861 1312 Heinsius
912 1247 962 1295 in
1013 1248 1230 1300 Exercit.
1285 1250 1402 1301 sacr.
1443 1254 1504 1299 ad
1552 1248 1607 1302 h.
1662 1253 1696 1300 1.
1742 1249 1866 1299 haec

155 1348 301 1396 uerba
330 1344 484 1405 uideri
516 1359 615 1393 non
658 1343 749 1392 effe
782 1342 933 1404 posita
973 1343 1055 1392 suo
1095 1347 1248 1404 loc03
1295 1359 1387 1395 nec
1421 1358 1526 1394 cum
1562 1347 1862 1407 praeceden-

156 1439 306 1496 tibus,
340 1454 431 1489 nec
465 1453 572 1489 cum
606 1424 912 1503 sequentibus
946 1438 1229 1493 cohaerent.

314 1574 397 1622 24.
436 1565 556 1613 τινῶν
585 1588 650 1598 -
705 1573 762 1619 εἰς
811 1563 964 1626 κρίσιν)
1025 1563 1275 1627 Plerisque
1325 1562 1672 1623 interpretibus
1723 1563 1864 1629 Apo-

130 1657 309 1721 ⁴stolus
339 1657 498 1707 redire
534 1660 725 1708 uidetur
774 1661 829 1708 ad
878 1658 996 1708 illud
1027 1663 1085 1708 de
1130 1658 1535 1721 ordinationibus,
1593 1663 1723 1721 quod
1758 1659 1867 1710 ueri

157 1752 228 1802 est
259 1751 426 1801 simile.
501 1751 621 1801 Tam
661 1748 933 1816 manifesta,
981 1753 1157 1816 inquit,
1199 1750 1318 1816 sunt
1367 1749 1662 1818 quorundam
1709 1753 1864 1803 homi-

156 1861 266 1895 num
293 1853 524 1916 peccata,
558 1853 612 1896 ut
646 1847 753 1916 ipsa
786 1846 915 1915 quast
949 1844 1133 1897 ducant
1161 1843 1227 1896 ad
1262 1845 1514 1910 iudicium,
1569 1845 1656 1907 (de
1696 1847 1757 1898 iis
1793 1849 1865 1899 fe-

156 1943 399 2004 rendum‚)
440 1957 526 1991 eos
550 1957 725 2004 nempe
777 1960 876 1994 non
909 1944 1001 1992 esse
1037 1940 1349 1993 ordinandos.
1532 1950 1622 1992 τισὶ
1660 1941 1710 1990 δὲ
1752 1944 1865 1992 ἐτει-

155 2037 413 2098 κολεθὲσιν)
467 2034 718 2106 Qosdam
763 2046 924 2087 autem
960 2032 1331 2102 subsequuntur,
1394 2036 1429 2086 i.
1464 2054 1507 2086 e.
1543 2048 1742 2099 peccata
1774 2052 1865 2088 eo-

155 2142 261 2178 rum
298 2129 545 2179 manifesta
578 2131 719 2194 fiunt,
753 2132 1007 2194 postquam
1049 2130 1143 2181 iam
1176 2136 1281 2182 sunt
1319 2129 1546 2181 ordinati.
1688 2131 1767 2182 De
1801 2142 1867 2180 ta·

155 2222 284 2274 libus
318 2240 416 2274 non
456 2237 650 2276 tenetur
690 2226 957 2277 ordinator.

317 2358 401 2409 25.
454 2349 659 2418 ,ώσὰυτως
692 2373 756 2385 —
799 2355 991 2411 πρόδηλοί
1037 2349 1134 2409 ἐφ)
1191 2347 1413 2398 Aliorum
1464 2348 1712 2400 hominum
1766 2351 1866 2401 uir-

155 2448 283 2491 tutes
315 2445 438 2492 adeo
495 2443 778 2506 conspicuae
812 2444 934 2506 sunt,
986 2457 1040 2494 ut
1075 2444 1231 2494 omnia
1268 2444 1396 2493 bona
1439 2446 1498 2492 de
1535 2441 1595 2492 iis
1639 2443 1690 2495 in
1726 2460 1867 2508 prae-

155 2533 262 2584 sens
315 2537 593 2595 praedicare
639 2539 801 2597 liceat,
859 2550 908 2588 et
953 2538 1002 2588 iu
1054 2539 1267 2588 futurum
1313 2535 1610 2597 praedicere.
1792 2547 1870 2591 καὶ

156 2639 219 2680 τὰ
245 2655 307 2665 -
341 2629 543 2695 δύναται)
587 2633 660 2682 Et
694 2649 816 2699 quae
852 2633 1110 2694 (uittutes)
1147 2645 1241 2680 non
1266 2625 1389 2691 sunt
1421 2628 1723 2698 manifestae,
1785 2631 1869 2683 Ia-

156 2727 260 2773 tere
293 2729 453 2776 tamen
490 2743 584 2777 non
617 2725 699 2778 diu
728 2728 933 2797 poffimt.

814 2878 1038 2968 Caput
1074 2878 1198 2954 VI.

212 2958 235 2979 U

159 3038 208 3078 I.
238 2956 427 3072 Οσοι
468 3049 531 3060 -·
567 3022 710 3089 agam)
760 3028 1052 3100 Qicunque
1093 3025 1210 3093 funt
1236 3019 1331 3088 sab
1380 3021 1489 3087 fugo
1509 3021 1703 3086 seruili)
1739 3025 1775 3077 i·
1817 3043 1868 3082 e·

161 3108 212 3160 in
267 3117 505 3176 potestate
555 3118 882 3186 dominorum,
941 3124 1100 3173 Non-
1124 3117 1505 3171 christianorum.
1630 3123 1758 3173 Nam
1805 3127 1871 3174 de

1804 3229 1871 3266 ns
