2155 3643
255 263 328 332 36
1025 253 1224 307 Scholia

259 418 458 463 mortuo
530 402 729 471 gratiam
801 400 1000 462 retulit,
1071 402 1107 452 fi
1169 405 1319 454 modo
1387 400 1525 454 illam'
1581 404 1710 454 bona
1777 399 1968 453 secutus

255 506 330 557 est
375 504 496 557 fide·

413 669 467 716 9.
506 656 628 704 τιςὸς
662 672 726 683 -—-
763 646 902 711 ἄξιος)
941 649 1024 703 Cf.
1062 652 1201 713 supra
1242 650 1285 708 I,
1341 660 1415 712 ις.
1498 650 1739 702 Referunt
1772 648 1965 712 quidam

253 753 316 801 ad
348 744 611 810 sequentia.
706 745 815 805 Ego
857 749 915 793 ad
949 744 1285 802 praecedentia
1319 745 1503 795 referre
1541 743 1714 794 malim.
1803 739 1967 791 Omni-

253 862 320 898 no
363 847 490 895 enim
543 837 753 889 omnium
796 836 1170 890 Christianorum
1211 844 1290 891 uel
1339 840 1546 891 maxime
1594 837 1792 891 interest
1824 837 1965 901 scire,

252 936 425 990 uirtuti
463 946 626 1000 parata
661 932 754 983 esse
789 935 1018 996 praemia.

420 1113 499 1151 10.
542 1107 600 1151 εἷς
642 1095 752 1145 ‘tiro
788 1119 852 1127 -
889 1091 976 1142 5εῶ
1011 1096 1157 1157 ζῶντι)
1206 1098 1503 1156 Koa-aduno
1541 1104 1638 1146 καὶ
1690 1104 1961 1152 ὄνειδιζό-

247 1200 424 1257 μεθα,
455 1186 748 1261 perferimus
776 1184 964 1238 labores
998 1205 1059 1240 ac
1095 1188 1426 1243 contumelias.
1519 1193 1615 1242 Pro
1658 1197 1964 1250 ὀνειδιζόμεθα,

247 1290 332 1342 alii
367 1295 536 1354 legunt
569 1288 990 1343 ἀγωνιζόμεθα,
1025 1282 1258 1349 molestias
1297 1283 1606 1352 perferimus.
1695 1287 1960 1336 Ἠλπῐκα-

245 1407 368 1447 μεν,
413 1388 627 1447 enallage
653 1396 745 1444 pro
780 1386 1016 1437 ἐλπίζομεν.
1116 1383 1236 1431 Ideo
1279 1380 1452 1437 libenS,
1486 1380 1641 1442 inquit
1674 1380 1963 1443 Apostolu8‚

245 1481 499 1534 laboribus
542 1492 782 1540 maceror,
822 1475 1069 1538 obloquiis
1104 1488 1153 1525 et
1207 1475 1444 1525 conuiuiis
1491 1479 1701 1538 laceror,
1759 1474 1869 1538 quia
1909 1475 1961 1527 in

244 1574 360 1626 Deo
401 1572 614 1631 confidO,
648 1572 900 1634 nimirum‚'
927 1571 1053 1621 uitae
1096 1571 1236 1620 huius
1284 1586 1417 1620 meae
1450 1571 1752 1634 perpeffitiae
1793 1572 1842 1621 in
1876 1570 1962 1622 illa

245 1673 399 1718 altera
431 1668 667 1717 rationem
712 1667 770 1716 ab
806 1683 866 1717 eo
914 1666 1129 1717 habitum
1184 1667 1262 1716 iri.
1387 1667 1584 1730 Cicem,
1614 1678 1666 1717 ut
1698 1668 1767 1718 nil
1804 1669 1960 1718 maius

242 1773 423 1825 tamen,
467 1772 548 1811 aut
583 1763 847 1825 optabilius
885 1762 1178 1826 existimans,
1225 1767 1283 1814 ad
1318 1767 1489 1813 nudam
1521 1761 1729 1813 nominis
1758 1762 1957 1813 immor-

242 1857 478 1908 talitatem
528 1857 865 1921 acquirendam
918 1862 1111 1909 labores
1169 1862 1448 1908 tolerandos
1501 1856 1643 1907 dixit.
1771 1857 1957 1908 Tuscu-

241 1955 338 2004 lan.
368 1950 411 1999 Ι.
513 1950 694 2016 Nescio
730 1951 958 2018 quomodo
1005 1952 1229 2003 inhaeret
1262 1955 1311 2002 in
1345 1949 1575 2002 mentibus
1617 1948 1747 2018 quafi
1766 1948 1955 2015 seculo-

239 2063 346 2098 rum
377 2043 616 2114 quoddam
647 2049 899 2113 augurium
927 2047 1208 2114 futurorum
1234 2064 1251 2095 .-
1298 2061 1387 2113 quo
1419 2042 1607 2111 quidem
1639 2043 1814 2112 demto,
1850 2044 1957 2112 quis

239 2148 343 2194 tam
383 2139 492 2207 effet
524 2158 704 2206 amens,
751 2145 832 2210 qui
870 2143 1052 2212 semper
1089 2145 1138 2194 in
1181 2139 1423 2193 laboribus
1464 2147 1512 2192 et
1540 2138 1771 2210 periculis
1817 2142 1957 2193 uiue-

238 2233 365 2289 ret?
430 2248 481 2288 et
522 2237 572 2287 in
623 2238 806 2288 Catone
847 2238 1072 2290 maiore:
1141 2240 1272 2310 ,Quis
1316 2244 1480 2287 tantos
1522 2233 1710 2286 labores
1756 2232 1953 2285 diurnos

238 2328 587 2398 noffurnosque
630 2330 755 2382 domi
807 2332 1105 2399 militiaeque
1149 2333 1434 2400 susciperet,
1497 2329 1540 2399 fi
1577 2327 1743 2383 iisdem
1768 2328 1953 2397 finibus

235 2424 445 2496 gloriam
487 2422 654 2492 quihus
693 2427 846 2476 uitam
897 2424 1006 2494 effet
1039 2424 1430 2478 terminaturus?
1509 2424 1554 2483 ἔς
1598 2428 1668 2483 ἐςι
1692 2449 1758 2462 -·
1794 2427 1952 2492 τις-ὦν)

231 2524 266 2576 i.
308 2541 354 2577 e.
384 2528 428 2580 ὅς
460 2522 699 2583 lacem-tn}
747 2527 916 2573 πάντων
955 2522 1032 2581 μιείν
1073 2522 1317 2588 ἀνθρώπων,
1369 2530 1534 2584 μάλιςοι
1577 2523 1626 2572 32⁸
1668 2523 1754 2572 ταῖν
1798 2527 1950 2579 τις-ὧν.

234 2617 314 2670 De
346 2633 472 2670 uoce
514 2618 697 2678 omnip
735 2618 800 2667 cf.
839 2632 882 2669 c.
929 2617 970 2673 I,
1027 2630 1071 2667 1.
1173 2618 1292 2668 Vult
1349 2618 1540 2681 quidem
1599 2619 1734 2668 Deus
1779 2632 1951 2670 omnes

234 2712 460 2764 homines
511 2724 757 2764 aeternum
804 2711 976 2762 felices
1026 2715 1252 2775 reddere,
1327 2715 1406 2762 sed
1441 2710 1736 2764 Christianos
1780 2712 1948 2763 certis-

232 2806 348 2858 fitne
377 2808 554 2859 felices
609 2811 796 2858 reddet.
918 2807 1218 2858 Hierocles:
1288 2820 1408 2868 μισεῖ
1431 2806 1507 2867 μὲν
1538 2806 1668 2858 isim
1698 2805 1946 2875 ἀνθρώπων,

233 2908 310 2951 τὸν
338 2903 388 2953 δέ
425 2907 592 2959 ἆγιθδν
631 2909 910 2966 διαφερόντως
941 2902 1199 2958 densiter-at·

380 3070 453 3104 12.
487 3053 634 3113 μηδέις
683 3074 734 3104 σε
775 3079 838 3089 -
883 3051 926 3104 ἓν
970 3055 1142 3115 ἁγνείᾳ)
1207 3062 1427 3110 Μηδεὶς
1475 3066 1943 3120 καταφρονείτω,

233 3144 381 3214 effice,
422 3164 480 3199 ne
513 3153 619 3217 quis
661 3147 940 3200 contemnat
975 3152 1057 3199 uel
1099 3155 1396 3200 contemnere
1424 3147 1559 3219 poffit
1599 3160 1727 3201 tuam
1773 3150 1940 3201 iuuen-

1751 3256 1938 3308 tutem3
