2155 3643
390 205 441 253 in
477 199 741 269 Epistolam
781 201 979 249 Ioannis
1009 200 1240 268 primam.
1322 197 1440 266 Cap.
1468 196 1549 248 Vc
1680 199 1780 261 461

88 347 168 409 qui
205 346 485 410 statuebant,
529 348 680 396 Iesum
726 334 1075 395 fuifl'emerum
1110 345 1353 393 hominem
1387 354 1403 401 3
1450 344 1500 391 in
1541 328 1789 410 eum'pofi‘

86 438 366 508 baptismum
420 436 700 507 descendiffle
741 455 895 488 aeona
948 436 1195 501 Christum,
1237 437 1403 502 figura
1438 433 1689 485 columbae
1726 461 1789 470 ·-

87 537 138 585 in
174 536 277 601 fine
309 537 490 597 (uitae)
544 542 702 584 autem
741 533 970 599 reuolaffe
1007 536 1175 582 iterum
1219 528 1447 594 Christum
1483 528 1539 579 de
1580 527 1703 592 Iesu,
1741 537 1791 579 et

86 628 238 690 Iesum
267 629 443 698 paffum
484 628 603 695 effe,
659 635 706 678 et
739 623 1045 693 resurrexiffe
1070 644 1086 674 .·
1151 623 1381 688 Christum
1417 633 1574 673 autem
1615 623 1788 693 impas-

78 722 259 792 fibilem
310 720 644 792 perseuerasse,
707 719 985 782 existentem
1024 718 1333 789 spiritalem,
1394 733 1447 769 ut
1504 724 1647 769 docet
1696 722 1793 768 [re-

88 835 233 869 naeus
278 820 334 868 L.
382 820 423 881 Ι,
465 834 504 866 c.
553 831 633 879 25.
707 819 847 865 Hunc
903 815 1118 865 Cerinthi
1160 813 1374 865 erro'rem
1430 815 1519 862 iam
1561 830 1586 862 a
1637 806 1793 862 Nico-

89 913 215 963 laitis
250 918 400 961 multo
460 911 590 973 prius
625 922 936 975 propagatum
996 911 1087 958 effe
1137 910 1262 959 idem
1308 910 1536 960 Irenaeus
1576 908 1797 960 testatur.

90 1007 300 1058 Videtur
365 1007 510 1069 igitur
579 1005 781 1055 Ioannes
850 1005 982 1054 istum
1057 1017 1270 1052 errorem
1343 1003 1589 1064 corrigere
1653 1006 1794 1053 uelle.

89 1102 260 1152 Sensus
291 1101 396 1153 est:
448 1102 547 1150 Hic
585 1099 714 1149 Iesus
767 1115 858 1146 non
904 1095 1035 1146 modo
1083 1106 1200 1160 tum,
1250 1111 1387 1162 quum
1422 1093 1700 1165 baptizatus
1733 1094 1798 1159 est

78 1194 190 1261 fuit
218 1193 353 1260 filius
390 1196 508 1252 Dei,
553 1193 656 1257 (uel
698 1193 941 1257 spIeffimQ
983 1192 1064 1254 sed
1101 1200 1146 1242 et
1192 1200 1307 1252 tum,
1349 1207 1486 1255 quum
1516 1188 1679 1256 passus
1716 1189 1797 1256 est,

80 1289 191 1357 fuit
225 1290 362 1341 idem.
459 1290 611 1339 Etiam
650 1290 710 1350 is,
761 1290 840 1352 qui
900 1304 1118 1339 mortuus
1173 1289 1261 1345 est,
1302 1289 1549 1337 habendus
1594 1287 1663 1336 est
1703 1300 1795 1347 pro

32 1390 37 1394 '
92 1383 198 1434 filio
239 1385 365 1446 Dei3
408 1383 519 1434 inde
565 1386 690 1432 enim
726 1401 859 1432 amor
902 1373 1016 1446 Dei,
1073 1385 1153 1444 qui
1205 1383 1355 1433 filium
1398 1381 1526 1430 suum
1565 1396 1659 1442 pro
1705 1397 1797 1430 no-

97 1476 171 1526 bis
213 1479 362 1527 morti
406 1479 619 1536 tradidit,
675 1479 1042 1528 demonstratur.
1086 1502 1149 1511 —
1235 1479 1369 1526 Hanc
1417 1475 1800 1537 explicationem

98 1586 222 1620 nunc
303 1572 478 1621 ceteris
552 1574 912 1634 praeferendam
986 1573 1077 1620 esse
1148 1584 1330 1634 putem.
1499 1569 1802 1632 Bengeliusz

99 1667 343 1730 „Aquam
388 1666 506 1715 dicit
554 1666 859 1728 baptismum,
923 1682 1062 1730 quem
1096 1666 1298 1728 primum
1335 1664 1680 1716 administrauit
1719 1665 1804 1713 Io-

99 1759 298 1824 hannes,
341 1760 451 1809 inde
487 1761 694 1824 Baptista
736 1762 1119 1823 cognominatim,
1167 1775 1218 1811 et
1252 1761 1363 1810 ideo
1399 1761 1446 1809 in
1489 1775 1606 1818 aqua
1642 1758 1800 1820 papti-

104 1869 211 1902 zare
256 1854 429 1910 miffus,
485 1857 710 1910 titxlel'us
761 1857 1143 1905 manifestaretur
1201 1867 1422 1915 tanquam
1479 1853 1625 1902 Filius
1684 1853 1800 1915 Dei,

103 1947 178 1996 Io.
237 1948 278 2009 Ι,
323 1961 403 2009 33.
456 1965 533 2009 ³4·
660 1951 812 1998 Porro
873 1951 1137 2012 baptismus
1201 1949 1341 1997 etiarn
1400 1963 1486 2009 per
1541 1946 1805 2009 discipulos

104 2040 208 2089 Iesu
264 2040 611 2091 administratus
667 2043 754 2101 est,
826 2045 900 2091 Io.
953 2044 1040 2098 tv,
1103 2057 1143 2092 1.
1195 2043 1230 2092 s.
1290 2037 1398 2089 ffl‘st.
1455 2040 1524 2102 11,
1587 2048 1661 2100 38.
1709 2053 1802 2090 etc.

105 2135 303 2195 „Bega
347 2150 502 2198 aquae
548 2136 870 2198 appellatione
914 2135 1142 2200 intelligit
1172 2133 1627 2200 sanfbificationem,
1683 2135 1722 2187 i.
1759 2153 1807 2186 e.

108 2233 515 2295 regenerationem
566 2231 795 2293 nostram,
850 2208 981 2281 cuiue
1024 2234 1232 2295 symbola
1276 2242 1408 2281 erant
1442 2228 1810 2290 purificationes

109 2325 219 2373 illae
262 2326 342 2373 sub
381 2331 491 2386 lege
542 2327 819 2388 usurpatae,
868 2341 917 2377 et
968 2329 1101 2377 cuius
1150 2343 1345 2390 quoque
1387 2324 1645 2387 peculiaris
1685 2337 1811 2373 nunc

111 2417 180 2466 est
222 2418 386 2468 tessera
435 2418 734 2479 Baptismus3
785 2419 1045 2485 sanguinis
1094 2421 1418 2482 appellatione
1465 2417 1691 2478 intelligit
1736 2418 1841 2464 iu-'

96 2507 287 2574 stitiam
322 2513 548 2576 nostram,
604 2528 721 2577 quae
775 2514 823 2563 in
870 2519 1049 2564 duabus
1102 2515 1319 2578 partibus
1365 2512 1597 2574 consistit,
1637 2525 1812 2572 nempe

110 2618 419 2666 peccatorum
472 2608 782 2671 expiatione,
851 2623 900 2659 et
944 2609 1247 2659 obedientiae
1294 2606 1470 2661 Christi
1514 2605 1812 2667 expiatione,

113 2699 281 2748 habito
322 2716 536 2750 ueterum
592 2702 946 2760 sacrificiorum,
1003 2720 1058 2752 ac
1099 2702 1380 2766 praesertim
1433 2698 1712 2762 aspersionis
1760 2698 1818 2746 il-

114 2792 206 2841 lius
241 2793 448 2844 solennis
482 2791 721 2856 respe&u‚
784 2798 918 2846 cuius
970 2801 1121 2848 Hebr.
1161 2794 1248 2846 IX.
1279 2794 1334 2843 fit
1368 2792 1569 2843 mentio.
1636 2792 1694 2842 In
1735 2807 1815 2840 ea-

118 2888 225 2933 dem
269 2887 496 2937 sententia
536 2889 605 2937 est
645 2887 1096 2948 Moldenhawerm,
1147 2887 1323 2937 sensum
1363 2887 1505 2936 huius
1543 2885 1642 2937 loci
1686 2887 1818 2936 hunc

117 2978 211 3027 effe
264 2981 574 3033 existimans:
646 2983 794 3043 Iesum
850 2981 933 3050 esse
980 2979 1140 3033 mundi
1192 2981 1529 3040 Seruatorem,
1595 2979 1816 3045 cognosci

115 3069 266 3138 potest
301 3089 368 3124 ex
403 3079 782 3143 regeneratione,
830 3093 970 3144 quam
1015 3079 1068 3127 in
1113 3071 1246 3125 nohis
1292 3070 1454 3138 efficit,
1501 3081 1550 3127 et
1593 3088 1662 3124 ex
1697 3086 1816 3142 pec.

1565 3191 1567 3193 ·
1601 3171 1821 3219 catorum
