2155 3643
455 183 507 234 in
535 180 802 253 Epistolam
834 181 973 234 Petri
993 181 1219 250 priorem.
1291 179 1413 252 cap.
1443 180 1543 233 ΙΙΙ.
1742 182 1840 245 365

136 332 276 387 hebr.
302 333 488 386 ,η”ΠΠ
523 329 574 378 in
608 330 716 379 uita
760 328 1058 392 conseruare.
1121 326 1260 380 Aliiz
1313 332 1523 377 mortuus
1574 323 1639 392 est·
1686 323 1845 394 quoad

138 426 395 476 humanam
445 431 692 487 naturam,
745 426 795 473 in
853 424 1004 473 uitam
1059 429 1218 482 autem
1259 431 1512 471 reuocatus
1554 423 1735 492 Spiritu
1768 419 1862 489 dis

137 523 264 581 uino,
301 521 333 573 s.
366 529 454 582 per
488 521 584 568 uim
619 516 750 567 illam
791 515 1026 579 diuinam,
1085 530 1209 581 quae
1251 516 1303 564 in
1343 516 1442 584 ipso
1477 500 1603 581 fui't.
1644 515 1848 567 ,Omni-

137 633 204 669 no
253 622 388 677 σάρξ
431 615 568 676 saepe
619 613 688 661 est
738 610 1006 671 humilitas,
1061 609 1356 661 humanitas.
1450 613 1575 662 Tum
1628 613 1850 668 πνεῦμα

137 713 212 763 est
247 707 489 768 maiestas,
549 719 598 756 et
641 721 785 768 quum
840 709 899 754 de
937 706 1124 755 Christo
1184 706 1336 755 sermo
1367 706 1483 766 .est.,
1541 701 1591 753 id
1630 703 1753 769 quod
1799 709 1848 753 in

142 803 324 868 Christo
384 801 447 867 effi
515 798 739 852 diuinum.
847 804 1086 858 Πνεῦμα,
1145 800 1370 851 ἆιῶνιον
1424 799 1648 849 tribuitur
1705 800 1848 850 etiam

143 900 335 952 Christo
378 900 529 946 Hebr.
578 897 669 960 IX,
722 912 804 959 14.
850 896 976 946 idem
1027 901 1160 958 quod
1201 910 1245 944 c.
1295 894 1415 956 VII,
1463 895 1542 946 16.
1608 892 1850 950 δύναμις

137 996 280 1052 ζωῆς
337 993 701 1044 &amaad-re.
799 994 945 1055 Quod
1006 997 1065 1041 ad
1112 1005 1231 1048 rem,
1291 989 1356 1038 cf.
1412 992 1556 1038 Rom.
1613 988 1657 1050 Ι,
1713 1002 1759 1049 3.
1806 1005 1854 1048 4.

141 1092 365 1142 Ceterum
434 1089 708 1149 exemplum
773 1086 948 1136 Christi
1008 1087 1301 1149 proponitur
1355 1083 1448 1148 iis,
1515 1082 1685 1144 quibus
1734 1081 1849 1132 reli-

137 1182 299 1249 gionis
355 1182 505 1232 cauffa
550 1185 698 1232 multa
733 1185 851 1230 mala
907 1183 1197 1243 perferenda
1250 1192 1396 1230 erant.
1489 1178 1625 1228 Sicut
1677 1191 1852 1239 nempe

141 1279 358 1331 Christus
412 1274 698 1326 interfee‘kus
755 1275 978 1339 quidem,
1032 1276 1110 1325 sed
1166 1276 1216 1325 in
1248 1275 1393 1324 uitam
1441 1273 1690 1324 restitutus
1740 1271 1851 1319 est:

136 1375 203 1426 ita
243 1375 385 1425 etiam
430 1388 522 1424 nos
568 1375 626 1421 ad
662 1372 763 1422 eius
805 1375 1079 1433 exemplum
1115 1371 1226 1434 post
1261 1380 1468 1420 mortem
1500 1368 1550 1418 in
1589 1367 1735 1418 uitam
1773 1380 1850 1414 re-

135 1469 437 1533 uocaffimur,
472 1472 524 1519 et
557 1467 729 1519 felices
767 1466 960 1519 erimus·

300 1673 378 1722 19·
443 1661 670 1723 Sequitur
735 1659 957 1723 digreffio
1025 1657 1072 1707 in
1148 1653 1420 1710 dofflinam
1458 1656 1546 1704 ‘de
1597 1651 1852 1703 beneficiis

137 1752 343 1816 Christi,·
371 1769 461 1815 pro
497 1755 643 1804 nobis
678 1756 793 1805 olim
836 1755 1030 1806 mortui.
1066 1762 1069 1763 ’
1188 1755 1233 1802 ἐν
1266 1748 1298 1812 ᾦ
1334 1770 1419 1796 --
1475 1747 1689 1809 ἐκήρυξεν)
1747 1747 1851 1796 LO‘

135 1862 222 1898 cus
268 1849 607 1899 uexatisfimus.
723 1848 1065 1898 Camerarius.-
1123 1846 1334 1903 Ἐλλειψις
1392 1844 1585 1907 quidem
1628 1853 1760 1890 certe
1802 1840 1853 1890 in

134 1943 212 1992 his
252 1943 340 2005 est,
393 1956 441 1992 ut
477 1958 601 1998 τοῖς
644 1942 755 1997 εἶσι.
843 1946 940 1993 Sed
993 1959 1134 2004 quae
1166 1940 1346 2003 phrafis
1397 1939 1473 1993 fit,
1519 1948 1600 1986 aut
1643 1935 1757 1998 quid
1786 1919 1849 1996 fi-

133 2035 390 2100 gnifieetur
424 2038 523 2087 hoc
557 2044 690 2096 loco,
742 2038 858 2092 mihi
895 2038 1088 2100 quidem
1122 2040 1263 2098 plane
1303 2033 1544 2096 ignotum.
1648 2031 1852 2095 Quidam

142 2132 436 2182 Graecorum
491 2134 557 2181 ita
613 2146 906 2196 acceperunt
966 2135 1113 2189 haec,
1191 2142 1241 2180 ut
1284 2141 1391 2178 ante
1433 2125 1662 2176 diluuium
1709 2123 1853 2174 etiam

137 2225 354 2276 Christus
386 2242 567 2288 praeco
607 2230 755 2279 fuerit
792 2228 1064 2291 Euangelii,
1115 2229 1191 2275 sed
1234 2223 1401 2285 spiritu
1438 2222 1518 2272 suo
1555 2244 1618 2254 -
1666 2219 1753 2280 Hi,
1799 2229 1853 2269 ut

136 2322 323 2370 neceffe
381 2322 467 2386 est,
537 2327 913 2385 interpretantur
954 2304 1102 2377 ’τοῖς
1162 2321 1219 2369 ἐν
1272 2320 1515 2381 Φυλακῆ
1561 2313 1851 2371 πνεύμασι

138 2419 198 2465 de
233 2417 398 2465 animis
442 2432 627 2475 eorum,
693 2420 772 2481 qui
807 2431 904 2468 tum
958 2434 1055 2468 non
1103 2414 1431 2472 crediderunt,
1483 2423 1534 2460 et
1563 2411 1677 2460 ideo
1724 2423 1851 2458 nunc

134 2509 184 2559 in
236 2503 452 2560 custodia
507 2512 585 2561 seu
631 2527 825 2562 carcere
869 2513 1046 2569 iacent,
1111 2515 1222 2561 dum
1277 2507 1440 2559 ueniat
1503 2509 1564 2554 ad
1618 2502 1852 2554 iudicium

139 2605 372 2655 Christus,
449 2607 545 2655 Sed
599 2607 823 2656 Clemens
875 2607 1230 2656 Alexandrinus
1278 2600 1534 2664 :pwv-oere'wv
1582 2596 1644 2650 ‘³'-
1696 2597 1848 2645 hunc-

136 2716 229 2762 que
281 2700 426 2748 secuti
473 2713 524 2749 et
564 2700 642 2749 alii
683 2700 857 2752 Graeci
914 2706 972 2751 de
1026 2699 1289 2764 praeconio
1324 2690 1575 2757 Euangelii
1619 2691 1740 2740 haec
1774 2703 1852 2737 ac-

136 2807 388 2854 ceperunt,
447 2798 577 2853 quod
627 2796 805 2845 fecerit
849 2794 1065 2845 Christus
1116 2797 1241 2858 apud
1277 2791 1462 2841 inferos
1500 2785 1609 2848 post
1640 2794 1853 2835 mortem

136 2888 263 2936 suam
302 2888 350 2938 in
395 2889 554 2938 terris.
658 2890 743 2939 Est
783 2888 928 2952 igitur
969 2888 1050 2937 hic
1098 2902 1219 2937 unus
1256 2901 1318 2935 ex
1363 2881 1485 2932 locis
1523 2879 1583 2928 iis
1617 2880 1852 2929 sacrarum

133 2983 395 3040 literarum,
454 2987 514 3033 de
565 2983 738 3045 quibus
792 2983 947 3044 pietas
1004 2982 1229 3044 religiosa
1275 2983 1505 3042 quaerere
1552 2973 1753 3035 amplius
1798 2983 1851 3022 et

133 3072 354 3125 'dubitare
389 3077 501 3142 quid
535 3077 738 3137 dicatur,
793 3077 889 3128 fine
923 3074 1315 3138 reprehenfione,
1366 3080 1418 3119 et
1461 3071 1521 3118 de
1561 3066 1735 3128 quibus
1780 3065 1853 3115 di-

1683 3161 1851 3215 uersae
