2155 3643
0 346 1 359 l

0 362 2 388 l

0 407 1 432 l

386 199 395 204 ‘
478 192 528 242 in
563 190 877 262 Apocalypfin
928 194 1143 246 Ioannis.
1213 197 1330 267 Cap.
1377 200 1543 254 XIII.
1746 214 1845 270 591

138 350 228 389 eos
277 337 414 389 fuifl‘e
467 337 675 402 signatos
726 338 775 389 in
826 340 1089 403 frontibus.
1208 342 1617 405 Quemadmodum
1668 364 1844 412 nempe

115 420 229 483 'isto
285 434 517 494 Symbolo
578 431 1051 495 repraesentabantur
1106 434 1408 491 Christianiz
1459 440 1655 492 itashic
1707 442 1844 495 simili

135 528 369 591 Symbolo
425 531 713 578 denotantur
778 528 1095 592 Idololatrae,
1166 544 1216 581 et
1268 530 1510 583 idolorum
1575 539 1843 591 cultoribus

134 613 310 688 fimil‘es'
365 620 560 683 ingenio
617 633 666 670 et
707 622 942 673 moribus,
1012 623 1107 673 Sed
1143 624 1339 674 omnino
1394 627 1600 680 defututa
1652 632 1844 688 uidetur

133 694 292 779 imagb
334 730 360 762 a
409 715 769 777 consuetudine,
818 713 880 765 iis
935 717 1013 776 qui
1060 717 1107 767 in
1162 718 1433 773 sodalitates
1486 724 1702 775 Deorum
1755 733 1842 777 acle-

133 811 504 870 scribebantur,
579 808 882 870 imprimendi
935 809 1211 873 χάραγμι
1265 816 1500 880 aliquod,
1563 820 1595 871 i.
1650 838 1694 871 e.
1745 823 1840 875 Dei

130 905 332 969 fignum,
374 914 451 952 aut
510 903 747 952 exsertum
803 906 897 955 Dei
950 923 1145 967 nomen,
1189 922 1268 959 aut
1308 924 1394 972 per
1451 928 1677 964 numeros
1715 917 1840 968 dissi-

129 991 376 1049 mulatum.
442 996 602 1046 Partes
644 1004 800 1047 autem
855 1001 1060 1049 maxime
1105 1003 1386 1066 frequentes
1434 1008 1673 1070 corporiS,
1731 1011 1839 1075 qui-

129 1094 219 1142 bus
274 1104 355 1142 aut
412 1092 618 1151 litterae,
674 1104 754 1142 aut
811 1094 970 1157 signa,
1032 1106 1111 1145 aut
1174 1100 1360 1148 numeri
1418 1101 1834 1170 imprimebantur,

128 1199 263 1239 erant
306 1191 443 1257 frons
486 1196 533 1234 et
577 1183 796 1236 iunclura
844 1188 971 1237 inter
1010 1205 1198 1241 manum
1251 1205 1299 1242 et
1353 1195 1614 1245 brachium.
1680 1200 1836 1250 Fron-

50 1295 57 1301 ..
128 1284 194 1334 tis
227 1285 463 1331 „mandate
511 1295 616 1329 mos
651 1295 712 1329 ex
757 1281 980 1341 Oriente,
1043 1284 1127 1332 ubi
1172 1286 1292 1335 serui
1333 1289 1380 1336 in
1416 1290 1579 1338 fronte
1614 1293 1836 1346 ferebant

125 1374 448 1428 Dominorum
487 1374 696 1431 nomina,
730 1387 780 1425 ut
811 1376 946 1425 nosci
979 1379 1184 1440 possent.
1253 1382 1439 1433 Milites
1480 1395 1636 1434 autern
1669 1386 1835 1452 signati

123 1473 173 1525 in
205 1474 436 1530 manibuS,
467 1482 517 1520 ut
551 1470 727 1531 probat
771 1471 993 1525 Grotius,

287 1676 368 1732 17.
405 1673 478 1713 καὶ
514 1673 578 1716 ἵνα
617 1689 682 1699 -
720 1669 918 1721 ὀνόματος
952 1664 1087 1725 ἇυτέ)
1141 1665 1313 1716 Sensus
1366 1667 1452 1730 est,
1492 1668 1737 1736 effestum,
1779 1690 1833 1730 ut

123 1772 243 1823 aqua
285 1771 333 1808 et
376 1758 475 1822 igni
531 1758 903 1809 interdiceretur
955 1757 1034 1821 iis,
1084 1758 1164 1822 qui
1214 1777 1311 1810 non
1364 1763 1728 1833 profiterentur,
1784 1775 1832 1824 se

120 1853 359 1903 idolorum
395 1855 485 1903 effe
534 1857 767 1903 cultores.
868 1853 990 1902 Nam
1052 1853 1216 1911 bestia,
1275 1858 1334 1903 de
1383 1872 1471 1919 qua
1519 1860 1600 1910 hic
1653 1864 1828 1931 sermo,

120 1947 192 1996 est
229 1943 488 1997 monstrum
546 1948 680 2004 illud,
736 1950 868 2009 quod
921 1948 1054 2008 supra
1095 1960 1315 2010 tanquam
1351 1951 1627 2014 Symbolum
1674 1959 1830 2011 ethni-

122 2058 206 2091 cae
251 2042 598 2104 superstitionis
651 2055 754 2092 erat
793 2042 1111 2105 propositum.
1201 2044 1428 2094 Desumta
1469 2048 1628 2113 imago
1674 2067 1698 2102 a
1747 2056 1829 2105 tri-

119 2139 209 2186 bus
242 2136 399 2186 modis
440 2136 650 2199 signandi
701 2135 966 2196 adscriptos
1020 2139 1238 2186 Deorum
1279 2137 1531 2203 Collegiis.
1641 2147 1828 2200 Primus

116 2235 291 2281 modus
328 2244 428 2280 erat
467 2245 553 2290 per
589 2229 884 2291 χάραγμα,
937 2231 970 2280 i.
1019 2246 1063 2278 e.
1100 2230 1280 2294 insigne
1316 2234 1411 2283 Dei
1445 2235 1661 2299 alicuiuS,
1711 2247 1824 2295 dum

116 2339 162 2372 e.
195 2339 244 2386 g.
298 2324 504 2374 hederae
556 2325 727 2374 folium
767 2326 1126 2386 imprimebatur
1168 2326 1406 2378 sodalibus
1438 2329 1606 2384 Liberi
1650 2336 1825 2392 Patris,

113 2417 255 2467 Alter
289 2434 395 2468 mos
444 2431 565 2480 erat,
609 2418 897 2470 inscribendi
942 2420 1035 2479 ipsa
1080 2421 1295 2470 Deorum
1349 2425 1559 2488 nomina,
1603 2438 1657 2478 ut
1705 2433 1821 2495 Ζειῖς,

105 2507 249 2572 Ἀρης,
306 2522 505 2570 Διόνυσος.
583 2515 780 2564 Tertius
831 2528 937 2562 mos
993 2525 1094 2563 erat
1129 2515 1342 2577 ponendi
1399 2534 1663 2586 numerum,
1721 2540 1821 2587 quo

115 2606 433 2671 obtegeretur
495 2602 673 2659 nomen
733 2608 827 2659 Dei
879 2609 1147 2673 mysticum,
1214 2609 1398 2661 litteras
1453 2612 1653 2678 habens,
1699 2632 1822 2679 quae

110 2699 350 2750 collectae
413 2718 657 2753 numerum
726 2706 867 2753 talem
933 2704 1170 2757 facerent.
1335 2705 1416 2755 Sic
1486 2721 1663 2757 nomen
1726 2712 1823 2762 So-

109 2789 170 2842 lis
230 2794 475 2858 mysticum
555 2801 614 2847 ad
682 2813 930 2868 numerum
1007 2798 1324 2862 perueniebat
1399 2795 1519 2850 οὲὶο
1587 2814 1636 2853 et
1712 2805 1819 2857 sex-

104 2897 378 2952 centorum,
474 2905 523 2944 et
568 2895 823 2947 notabatur
867 2902 977 2958 xa,
1057 2904 1110 2944 ut
1162 2909 1253 2948 nos
1329 2897 1477 2948 docet
1550 2899 1821 2957 martianus

111 2979 321 3045 Capella.

1628 3194 1706 3246 18.
1734 3186 1815 3240 οἶδε
