2155 3643
239 232 307 276 22
1005 223 1204 279 scholia

253 373 528 428 ἄνετίληττος
586 384 610 420 e
671 364 921 438 palaestra
988 367 1181 422 sumtam
1246 373 1360 436 effe,
1431 377 1579 426 docet
1636 373 1857 445 Krebfius
1901 382 1966 434 ad

249 465 301 517 h.
332 469 367 516 1.
455 465 659 528 Proprie
698 467 821 516 enim
858 464 1034 516 dicitur
1069 470 1128 516 de
1163 467 1338 534 pugili,
1398 469 1480 531 qui
1518 486 1688 522 omnes
1736 475 1965 539 corporis

252 572 416 623 partes
443 561 507 612 ita
566 572 707 623 tutas*
732 560 791 609 ab
828 560 1083 611 aduersarii
1120 559 1300 614 ifflbus
1342 563 1565 626 praestat,
1601 580 1654 617 ut
1696 567 1832 620 feriri
1866 546 1966 622 non

253 657 415 719 poffit.
496 655 823 720 ‘Hesychiust
892 662 1306 721 ἀνεπίληπτον,
1348 657 1585 718 ἄμεμπτον,
1638 659 1964 724 ,α’κριτάγνωςσν.

253 750 545 814 Euripides:
624 751 832 802 Oreste:
889 758 1289 811 ἀνεπίληπτον
1328 755 1518 813 &euanuit
1567 765 1671 814 βίον,
1709 758 1793 814 ubi
1825 772 1964 811 uetus

251 845 589 899 scholiastes:
671 853 1000 912 ἀναμάρτητον,
1064 854 1385 914 &acciet-&aprum
1466 850 1659 914 ἆβλαβῆ,
1727 852 1791 919 ἐκ
1849 851 1967 912 ἄξιον

249 939 622 999 ἔοι-πλήττεσθαι.
814 956 915 1003 μιᾶς
948 953 1137 1002 γυναικὸς
1179 944 1335 1007 ἄνδρα)
1383 946 1499 996 Non
1527 946 1678 999 :facile
1720 947 1789 998 est
1822 947 1973 1003 intel?

246 1032 402 1099 leehr,
440 1038 545 1102 quis
594 1037 782 1089 dicatur
831 1042 905 1091 uir
948 1041 1084 1089 unius
1129 1041 1296 1090 uxoris
1346 1041 1427 1091 hic
1469 1057 1519 1094 et
1560 1059 1608 1093 u.
1653 1059 1727 1093 12.
1781 1056 1830 1095 et
1864 1044 1966 1098 Tit.

249 1133 296 1192 1,
335 1137 387 1184 6.
422 1146 473 1184 et
514 1148 634 1196 quae
675 1134 730 1184 sit
779 1149 911 1187 uxor
946 1135 1086 1185 unius
1128 1136 1243 1197 uiri,
1315 1151 1358 1186 c.
1402 1137 1470 1199 V,
1512 1151 1565 1199 9.
1671 1141 1785 1189 Hoc
1817 1141 1964 1192 facile

246 1239 398 1289 pater,
432 1245 530 1278 non
572 1228 664 1279 effe
701 1230 966 1281 sermonem
1015 1236 1075 1281 de
1114 1231 1424 1296 polygamia3
1483 1249 1585 1283 eam
1633 1235 1757 1284 euim
1794 1236 1965 1298 prohi-

246 1322 351 1373 beri
386 1321 470 1372 uix
506 1338 631 1385 opus
667 1335 787 1388 erar,
825 1327 934 1390 quia
975 1327 1063 1379 illo
1101 1341 1327 1388 ternpore
1368 1343 1465 1378 non
1498 1328 1594 1381 fuit
1612 1330 1806 1389 eufitata.
1873 1330 1966 1380 Via

247 1420 392 1468 detur
433 1415 597 1480 itaque
640 1402 814 1481 iuberi,
891 1434 946 1474 ut
996 1425 1256 1487 episcopus
1300 1433 1480 1473 rantum
1526 1423 1669 1473 semel
1713 1422 1968 1475 matrimo-

245 1509 378 1562 nium
412 1511 564 1574 ineat‚
600 1529 758 1579 neque
790 1517 1019 1570 secundas
1052 1518 1241 1582 nuptias
1274 1521 1505 1569 celebret.
1603 1519 1697 1570 Pro
1727 1518 1817 1569 hae
1859 1522 1965 1569 sen-

244 1607 399 1659 tentia
439 1606 632 1675 militat,
710 1617 844 1675 quod
886 1615 1087 1678 nuptiae
1133 1614 1363 1664 secundae
1407 1620 1535 1677 apud
1586 1629 1754 1665 omnes
1796 1627 1970 1678 gentes

246 1703 406 1756 minus
448 1704 718 1758 honoratae
760 1709 942 1773 effent3
1004 1710 1183 1761 alicubi
1235 1721 1284 1760 et
1329 1710 1504 1772 poenis
1540 1710 1782 1760 nonnullis
1824 1717 1968 1760 coer-

248 1800 395 1855 citae.
495 1802 671 1868 Neque
720 1819 841 1855 uero
888 1803 1143 1858 Christiani
1187 1805 1235 1855 iu
1284 1806 1377 1854 ulla
1412 1802 1567 1854 laudis
1609 1816 1747 1865 parte
1791 1810 1969 1855 cedere

248 1899 491 1952 debebant
525 1882 773 1964 gentibuS‚
825 1906 952 1965 apud
988 1915 1182 1964 quarum
1216 1904 1389 1950 multas
1435 1902 1494 1948 ad
1538 1897 1768 1948 feminina
1812 1900 1967 1951 sacer-

249 1991 383 2044 dotia
416 1993 603 2045 nonnisi
660 1995 880 2046 admiss‘ae
921 1996 1152 2060 uniuirae,
1211 2007 1263 2046 ut
1319 1992 1643 2045 Tertullianus
1695 2009 1786 2045 nos
1822 2001 1972 2048 docet

250 2090 311 2140 de
341 2086 696 2159 Monogamia,
757 2102 806 2142 et
845 2097 905 2143 ad
950 2108 1152 2143 uxorem
1204 2091 1264 2142 L.
1324 2089 1363 2138 Ι.
1414 2101 1466 2141 et
1506 2089 1849 2140 exhortatione
1888 2107 1968 2143 ca-

247 2178 445 2236 stitatis.
510 2186 639 2237 Vide
696 2183 940 2250 Grotium,
980 2202 1030 2240 et
1068 2185 1402 2252 Wetstenium.
1474 2185 1665 2236 Caufl'ae
1701 2203 1839 2251 uere,
1887 2170 2008 2242 cur*

253 2273 480 2341 iteratum
534 2279 892 2332 matrimonium
933 2284 1299 2345 uituperandum
1342 2279 1435 2332 effe
1474 2292 1718 2344 putarent,
1762 2281 1972 2336 afuerunt

253 2374 362 2424 fere
393 2373 532 2427 hae:
602 2376 770 2428 Fidem
830 2373 1067 2429 defuneto
1113 2375 1309 2441 coniugi
1359 2379 1516 2426 datam
1555 2368 1741 2428 'fallere
1802 2378 1968 2431 existi-

249 2471 467 2522 mabatur
511 2470 751 2536 superstes
805 2474 1005 2534 coniux,
1059 2472 1091 2522 si
1146 2476 1205 2522 ad
1247 2471 1451 2522 secunda
1492 2482 1608 2521 uota
1642 2477 1972 2536 progredere·

250 2578 331 2617 tur
359 2580 377 2630 3
421 2581 501 2617 res
533 2568 801 2629 periculosa
836 2569 929 2620 effe
963 2567 1235 2625 uidebatur,
1265 2580 1526 2616 nouercam
1563 2568 1874 2618 introducere
1920 2569 1972 2621 in

247 2639 521 2725 familiam(
566 2663 709 2726 eique
744 2665 930 2715 liberos
975 2662 1155 2728 prioris
1196 2661 1419 2725 coniugis
1483 2665 1708 2725 tradere3
1762 2664 1973 2727 denique

251 2758 395 2808 etiam
435 2758 820 2811 libidinofiorem
861 2774 968 2810 eum
1026 2760 1274 2823 putabant,
1332 2755 1413 2820 qui
1460 2761 1664 2829 alterum
1708 2761 1972 2811 contrahe-

250 2866 327 2904 ret
383 2847 763 2906 matrimonium.
899 2856 1071 2904 Paulus
1124 2853 1274 2918 igitur
1319 2854 1365 2901 se
1410 2863 1701 2915 attemperat
1750 2854 1972 2905 moribus

247 2947 446 2999 istorum
480 2961 780 3012 temporum,
820 2964 912 2999 nec
955 2947 1119 2999 scribit
1170 2950 1329 3011 legem
1373 2945 1506 2996 omni
1542 2955 1765 3009 tempore
1803 2950 1970 3000 obser-

247 3047 466 3097 uandam.
533 3045 610 3095 Ex
638 3045 841 3095 aliorum
879 3042 1116 3107 opinione
1150 3057 1175 3091 a
1228 3041 1377 3091 Paulo
1421 3039 1464 3089 is
1521 3039 1701 3091 dicitur
1744 3042 1838 3092 effe
1889 3054 1974 3095 aut

241 3137 382 3191 fuiffe
427 3137 505 3190 uir
552 3138 762 3202 plurium
820 3153 1047 3201 uxorum,
1098 3134 1182 3203 qui
1235 3135 1349 3201 post
1401 3132 1711 3205 repudiatam
1766 3152 1974 3192 uxorem

1778 3234 1976 3286 duxerit
