2155 3643
322 248 434 312 506
1118 238 1319 293 Scholia

322 394 524 447 VI-X.
610 393 727 442 Fata
787 387 1076 440 christianae
1130 384 1387 450 religionis
1451 382 1784 437 describuntur
1815 379 1878 436 ἐ.
1923 382 2044 434 ΧΙ-

320 489 462 544 XIV,
494 499 545 552 5.
617 486 871 536 Vexantur
908 499 1083 548 nempe
1145 481 1422 544 Christiani,
1478 481 1739 544 praecipue
1792 497 1911 534 uero
1958 485 2048 531 do-

321 579 533 635 ftores:
591 582 642 643 a)
676 596 707 629 a
743 576 937 631 Iudaeis
995 576 1078 628 sed
1123 576 1273 629 saluae
1313 587 1510 627 manent
1562 591 1641 626 res
1685 591 1873 639 eorum,
1931 573 2044 639 quin

319 680 475 745 magis
535 690 779 742 augentur
839 687 890 726 et
952 673 1187 732 crescunt,
1241 689 1284 723 c.
1341 673 1479 728 XL*
1577 672 1834 722 Vexantur
1887 684 2044 734 porro

325 773 581 825 Christiani
615 786 633 828 z
714 774 769 833 b)
816 767 879 820 ab
928 767 1176 841 Ethm'cis.
1243 769 1424 819 Verum
1462 784 1554 818 nec
1590 765 1641 818 hi
1671 766 1875 833 *poffunlt
1906 779 2048 818 euer-

319 879 429 920 tere
458 883 658 933 regnum
698 865 898 918 Christi.
963 866 1081 915 Non
1128 877 1289 916 manet
1330 862 1455 915 intra
1497 863 1674 914 limites
1710 865 1913 935 Iudaeae
1949 865 2048 912 cul·

317 976 397 1016 tus
438 963 691 1028 religionis
754 960 1072 1018 christianae,
1153 961 1234 1010 sed
1305 958 1432 1010 inter
1498 958 1760 1023 grauiffima
1805 957 2043 1021 pericula,

318 1058 682 1123 'refragantibus
731 1056 1029 1115 idololatris,
1085 1058 1182 1105 late
1235 1055 1280 1104 se
1331 1052 1554 1105 diffundit
1600 1051 1786 1118 inipso
1819 1056 2045 1103 Romano

321 1154 561 1219 Imperio,
625 1166 676 1205 et
709 1151 1062 1216 'prouidentiae
1105 1149 1295 1201 diuinae
1339 1153 1541 1200 decreto
1590 1148 1898 1212 portenditur
1936 1147 2043 1198 eth-

322 1252 461 1302 nicae
523 1247 852 1312 superstitioni
909 1260 1060 1312 graue
1113 1246 1332 1310 exitium,
1412 1262 1456 1300 c.
1515 1245 1630 1297 XH.
1685 1244 1827 1303 xm,
1883 1257 2046 1295 1-10.

328 1346 659 1398 Aduersantur
711 1360 867 1408 regno
925 1342 1103 1393 Christi
1163 1341 1216 1402 c)
1273 1338 1396 1409 falfi
1459 1338 1672 1391 deff-ores
1730 1342 1778 1388 et
1836 1334 2047 1407 imposto-

320 1456 398 1492 res
453 1438 585 1490 uarii
620 1442 832 1506 generis,
886 1438 1084 1491 nomine
1145 1438 1341 1498 quidem
1399 1436 1672 1495 Christiani,
1739 1433 1818 1485 sed
1876 1449 2047 1486 reuera

319 1535 488 1588 hostes
546 1534 705 1587 crucis
759 1534 956 1593 Christi,
1017 1533 1241 1584 omnibus
1299 1532 1498 1597 flagitiis
1559 1532 1731 1588 dediti,
1789 1542 1838 1579 et
1892 1531 2047 1594 magis

320 1635 688 1699 promouendae
763 1630 1073 1682 idololatriae
1141 1645 1280 1686 quam
1331 1640 1489 1678 'uerae
1550 1628 1779 1689 religioni
1851 1626 2045 1687 intenti,

327 1743 375 1779 c.
410 1727 558 1789 XIII,
611 1737 705 1776 11·
734 1729 811 1783 18.
880 1726 973 1776 His
1020 1724 1244 1774 omnibus
1285 1736 1442 1774 tamen
1492 1738 1591 1775 non
1640 1722 1942 1773 obstantibus
1983 1725 2048 1772 la-

322 1826 419 1878 tius
457 1833 753 1887 propagatur
793 1818 972 1883 religio
1008 1818 1282 1882 christiana,
1336 1830 1388 1869 et
1431 1819 1502 1881 pii
1537 1821 1586 1869 in
1625 1817 1724 1867 fide
1759 1817 2046 1869 confirman-

322 1934 421 1983 tur,
475 1933 520 1970 c.
561 1915 704 1978 XIV,
765 1929 886 1974 υς.
962 1913 1061 1964 Iam
1110 1918 1269 1965 denuo
1307 1929 1468 1977 poena
1508 1912 1783 1963 decernitur
1835 1913 2047 1965 nominis

324 2012 571 2066 christiani
630 2008 873 2067 hostibus,
932 2008 1126 2061 Iudaeis
1184 2011 1365 2074 pariter
1415 2022 1471 2056 ac
1530 2006 1770 2059 Ethnicis.
1860 2009 2047 2060 Praedi-

325 2120 500 2162 euntur
536 2110 680 2166 mala,
731 2121 854 2170 quae
902 2105 1099 2156 euenire
1135 2105 1378 2156 debebant
1411 2103 1625 2167 IudaeiS,
1677 2116 1926 2168 antequam
1963 2120 2047 2168 pe-

320 2206 455 2261 nitus
507 2212 815 2254 euerteretur
859 2215 1030 2252 eorum
1071 2202 1186 2252 urbs
1224 2212 1274 2250 et
1319 2200 1614 2263 respublica,
1661 2214 1705 2249 c.
1745 2199 1888 2252 XIV.
1931 2199 2046 2251 XV.

321 2298 670 2355 Praedicuntur
711 2296 857 2349 etiam
905 2294 1219 2361 calamitates,
1286 2308 1402 2361 quas
1454 2300 1656 2346 durante
1705 2296 1835 2345 bello
1891 2295 2046 2346 Iudai-

325 2412 407 2454 co,
464 2407 607 2457 atque
653 2390 785 2442 ciuili
841 2393 1173 2442 Romanorum
1218 2393 1279 2440 ab
1330 2390 1531 2441 Othone
1563 2401 1613 2440 et
1647 2389 1854 2441 Vitellio
1887 2388 2047 2453 gesto,

322 2488 496 2543 sentire
540 2488 782 2539 debebant
811 2485 1042 2550 Romani,
1098 2502 1140 2535 c.
1189 2483 1331 2541 XVI,
1373 2491 1525 2537 1-16.
1566 2485 1644 2549 qui
1695 2467 1806 2536 ante
1861 2487 2045 2536 Hiero-

324 2586 620 2651 solymorum
677 2581 1088 2647 expugnationem
1150 2584 1514 2645 magnasdant
1564 2593 1751 2644 poenas
1822 2579 1929 2631 suae
1993 2580 2044 2634 in

326 2680 627 2733 Christianos
680 2676 994 2735 crudelitatis,
1049 2691 1090 2726 c.
1145 2674 1314 2726 XVII.
1384 2676 1484 2727 Iam
1524 2672 1683 2726 aestum
1741 2675 1813 2725 est
1852 2680 1912 2727 de
1960 2674 2042 2727 Iu-

322 2784 556 2833 daeorum
607 2778 774 2839 rebus,
836 2773 957 2823 urbe
1010 2786 1177 2822 eorum
1223 2784 1273 2821 et
1314 2769 1565 2835 republica
1605 2770 1826 2821 funditus
1860 2769 2042 2830 euersa,

321 2892 364 2928 e.
401 2873 596 2928 XVIII.
706 2867 955 2921 Laudibus
1003 2869 1252 2917 celebrant
1293 2866 1560 2918 coelicolae
1592 2864 1814 2916 iustitiam
1855 2878 1905 2916 et
1947 2866 2039 2916 bo-

319 2971 519 3025 nitatem
553 2968 671 3030 Dei‚
727 2969 1022 3030 gratulantes
1075 2939 1267 3012 Christo
1320 2961 1448 3026 Regi
1491 2957 1745 3013 uidioriam
1792 2963 1852 3010 de
1885 2957 2038 3010 hosti-

318 3069 435 3134 bus,
487 3078 537 3116 et
587 3062 867 3114 feliciorem
915 3058 1318 3122 propagationem
1372 3057 1649 3122 religionis,
1701 3072 1746 3111 c.
1791 3056 1932 3117 XIX,
1976 3067 2040 3105 1-

322 3154 403 3216 10.
468 3158 672 3213 Interim
714 3171 794 3209 res
835 3155 1051 3206 nondum
1094 3151 1166 3202 est
1212 3150 1457 3204 confecia.
1525 3151 1809 3206 Idololatria
1841 3149 2041 3203 subinde

1892 3254 2043 3309 erlgit
