2155 3643
1787 75 1795 97 Ρ

482 229 536 278 in
577 223 845 298 Epistolam
888 226 955 280 ad
987 225 1257 279 Hebraeos.
1322 226 1594 297 Cap.XII.
1748 239 1847 294 253

136 374 340 434 λέν-τα,
392 388 485 437 pro
535 373 895 433 nando-aura,
945 372 1192 436 frequenti
1225 371 1496 428 locutione,
1526 373 1683 423 Deum
1713 386 1849 424 nem-

134 476 217 534 pe,
251 470 335 534 qui
364 484 454 533 per
494 470 647 521 filium
680 469 824 527 nobis
860 465 1159 520 uoluntatem
1192 470 1318 519 suam
1350 467 1603 531 reuelauit‚
1641 484 1686 518 c.
1720 467 1764 531 Ι,
1802 480 1847 518 1.

135 570 176 616 ἔι
209 575 286 624 γὰρ
320 565 466 615 ἐκεῖνοι
506 590 570 600 -·
609 562 963 625 ἄτοςρεφὸμενὸι)
1014 573 1085 613 Οἱ
1133 563 1357 612 ε’κεῖνοι
1394 567 1851 623 παραιτησάμε-

137 685 219 712 νοι
264 667 371 713 sunt
403 660 668 722 Israelita,
725 671 827 710 tum
862 662 922 707 ad
967 658 1218 707 Herebum
1258 658 1564 721 congregati,
1616 670 1716 708 tum
1761 673 1853 723 ge-

135 756 358 814 neratim,
401 768 605 818 quorum
648 759 1070 813 σκληροκαρδία
1122 764 1173 802 et
1229 756 1448 808 ἆπιςῖα
1499 751 1551 801 in
1601 754 1853 803 Pentateu-

138 853 233 904 cho
277 849 574 901 describitur.
642 856 753 897 Τὸν
787 848 890 896 ἐπὶ
928 849 1037 904 τῆς
1080 848 1187 904 γῆς
1224 855 1696 908 χρηματίζοντα,
1729 849 1763 898 ἱ,
1800 863 1851 899 ε,

136 953 614 1008 κρηματίσαν-ι-α,
652 943 826 993 iterum
870 941 1091 1007 intellige
1124 940 1304 992 Deum.
1371 948 1477 991 Τὸν
1524 939 1670 1001 enim,
1722 944 1856 1003 quod

136 1040 219 1090 hic
259 1039 476 1103 ponitur,
537 1048 587 1087 et
639 1041 772 1100 quod
828 1037 1072 1101 sequetur,
1132 1052 1231 1087 non
1284 1035 1538 1100 distinguit
1597 1051 1723 1095 eum,
1777 1036 1858 1086 cui

135 1127 527 1198 parendum'esp
575 1133 656 1184 sed
706 1137 923 1192 modum,
977 1149 1073 1197 quo
1116 1133 1159 1185 is
1193 1132 1238 1182 se
1274 1135 1527 1184 reuelauit.
1595 1131 1676 1181 Sic
1716 1131 1856 1195 saepe

138 1234 201 1280 de
240 1245 360 1287 unu,
396 1227 594 1278 diuerfis
635 1229 796 1278 modis
840 1228 1161 1290 considerate,
1196 1238 1416 1290 tanquam
1452 1232 1513 1277 de
1553 1228 1743 1276 duobus
1776 1231 1854 1277 lo-

138 1304 348 1387 quimor.
409 1320 529 1373 Ἐπὶ
585 1326 656 1381 τῆ
671 1347 690 1379 ς
738 1326 805 1382 γῆ
821 1348 858 1382 ς,
912 1339 1086 1385 nempe
1130 1327 1190 1374 de
1224 1335 1390 1374 monte
1426 1320 1571 1378 Sinai,
1605 1335 1693 1383 per
1735 1320 1855 1369 Mo-

137 1420 237 1470 sen·
317 1415 510 1480 Πολλῷ
550 1429 765 1477 μᾶλλον
801 1419 986 1479 υἶαεῖς,
1033 1421 1097 1471 sc.
1139 1420 1205 1470 ἐκ
1239 1419 1677 1479 ἐκφευξόμεθα.
1746 1425 1856 1466 Τὸν

137 1515 220 1566 ἆτ’
282 1515 479 1576 ἐρανέ,
535 1528 711 1579 nempe
770 1521 1270 1577 χρηματίζοντα,
1352 1530 1446 1578 pro
1503 1520 1854 1574 χρηματίσαντα.

136 1609 328 1661 Dicitur
358 1623 516 1660 autem
555 1610 767 1661 Christus
808 1614 868 1660 de
905 1614 1047 1670 coelo
1081 1611 1236 1673 loqui,
1273 1609 1495 1673 quoniam
1524 1610 1571 1659 in
1608 1612 1752 1660 coelo
1790 1630 1857 1644 —-

139 1707 199 1753 ad
241 1709 455 1755 dextram
506 1707 602 1756 Dei
656 1709 825 1756 sedens
875 1706 924 1755 in
980 1706 1111 1756 omni
1163 1715 1395 1754 terrarum
1461 1706 1581 1754 orbe
1621 1711 1861 1775 propagat

137 1811 228 1859 per
268 1794 502 1851 doctores
556 1803 684 1853 suum
725 1799 1057 1864 Euangelium.
1176 1799 1655 1863 Ἀποςρὲφομαι,
1715 1811 1859 1847 auer-

135 1890 234 1957 [οη
259 1889 488 1958 fastidio,
529 1893 792 1947 abominor.

299 2019 387 2070 26.
422 2015 457 2069 8²¹
494 2018 523 2076 η’
567 2022 688 2082 spemn*
718 2048 783 2058 —
845 2023 973 2085 τότε)
1032 2020 1330 2084 Intelligltur
1377 2018 1540 2079 Φωννῖ
1587 2023 1858 2079 ῥημάτων

141 2114 203 2161 de
234 2124 399 2162 monte
434 2115 580 2177 Sinai,
625 2131 716 2178 qua
750 2129 966 2167 montem
1000 2128 1271 2177 terramque
1320 2113 1500 2163 circum
1545 2113 1680 2164 fitam
1721 2111 1858 2171 quas-

140 2204 284 2255 satam
318 2208 453 2258 fuifl'e
506 2222 557 2260 et
609 2221 920 2275 commotam,
979 2223 1112 2274 patet
1165 2225 1228 2258 ex
1263 2211 1424 2257 Exod.
1472 2207 1614 2272 XIX,
1668 2212 1744 2262 18.
1805 2203 1858 2270 ἔ,

139 2300 203 2351 sc.
237 2302 359 2361 eiuS,
392 2304 473 2367 qui
508 2321 635 2355 nunc
674 2309 734 2355 de
773 2309 915 2355 coelo
952 2305 1185 2368 loquitur.
1272 2298 1420 2353 Dicta
1466 2301 1593 2351 enim
1629 2305 1689 2352 de
1742 2302 1855 2352 Deo

141 2394 402 2458 saepiffime
449 2399 497 2450 in
544 2401 609 2449 N.
666 2401 729 2452 T.
777 2404 836 2450 de
885 2400 1055 2449 Meffia
1112 2398 1433 2463 explicantur.
1582 2396 1651 2446 νῦν
1705 2397 1755 2447 δέ
1793 2420 1859 2433 -

139 2490 311 2553 ἐρανὸν)
358 2492 486 2544 Illud
522 2495 611 2544 νῦν
643 2494 861 2544 absolute
898 2496 1195 2556 sumendum,
1244 2497 1378 2555 quod
1412 2490 1581 2541 attinet
1615 2495 1675 2541 ad
1715 2505 1861 2554 prae-

138 2585 289 2637 sentia
325 2600 562 2652 tempora.
659 2588 1076 2647 Ἐπιᾷγγελται,
1134 2587 1332 2649 λέγων,
1401 2584 1621 2650 promisit
1661 2589 1721 2636 de
1762 2599 1857 2636 no-

140 2680 254 2731 stris
306 2683 629 2746 temporibuS‚
681 2688 807 2747 apud
855 2686 1134 2748 Haggaeum
1185 2699 1228 2735 c.
1274 2682 1343 2730 Π.
1385 2683 1440 2733 6.
1507 2680 1734 2742 Magnas,
1778 2680 1856 2730 in-

138 2775 279 2838 quit,
342 2777 543 2828 antehac
586 2779 684 2829 feci
740 2778 1072 2841 mutationes3
1140 2778 1224 2828 sed
1273 2776 1418 2828 restat
1468 2778 1619 2836 longe
1680 2775 1859 2828 maior.

142 2870 234 2919 Illa
272 2874 464 2922 uerba:
527 2875 853 2945 commonebo
906 2876 1116 2930 coelum,
1180 2885 1378 2934 terram,
1436 2866 1599 2926 maria,
1658 2882 1857 2918 omnes-

146 2979 240 3026 que
286 2965 525 3030 natione3‚
572 2967 816 3019 indicant:
881 2967 1087 3017 efficiam
1130 2965 1382 3016 maximam
1428 2960 1566 3012 orbis
1618 2963 1858 3013 terrarum

146 3059 508 3119 conuerfionem
561 3073 610 3112 et
661 3061 1038 3121 reuolutionem.
1095 3060 1161 3111 fic
1215 3070 1272 3110 ut
1312 3052 1482 3108 omnes
1526 3055 1750 3108 nationes
1793 3061 1860 3109 ad

144 3147 362 3200 Messiam
398 3155 608 3208 ueniant.

1698 3229 1786 3284 27.
1800 3226 1858 3271 τὸ
