2155 3643
436 152 488 204 in
519 143 779 223 Epistolam
817 149 955 202 Petri
979 144 1297 219 posteriorem.
1362 147 1482 214 Cap.
1507 146 1580 200 Π.
1743 153 1863 217 407

320 299 403 348 16.
445 296 596 354 ἔλεγξη
643 321 725 336 --
777 294 966 359 ἄφωνον)
1029 290 1338 365 Reprehensa
1397 294 1556 341 autem
1629 287 1694 357 esi
1753 290 1855 342 eius

144 390 382 458 iniquitas
434 391 495 442 ab
550 390 682 458 asina
740 391 971 455 sermonis
1035 395 1255 459 experte.
1372 383 1727 448 ’ττι-οἰήιον,
1783 383 1855 437 sc.

143 488 356 542 κτῆνος
412 494 491 537 uel
537 491 687 547 ζῶον,
742 489 1030 543 iumentum3
1103 483 1183 534 sed
1242 486 1365 546 apud
1423 483 1640 533 Graecos
1693 481 1855 532 sacrae

143 582 420 643 Scripturae
474 582 764 643 interpretes
829 580 1012 642 semper
1071 584 1130 629 de
1188 578 1314 627 asmo
1370 590 1418 627 et
1475 582 1607 628 mulo
1658 574 1853 630 dicitur,

141 689 198 726 ut
235 688 367 737 patet
403 691 464 725 ex
503 673 628 726 locis
672 689 698 722 a
743 673 921 724 Grotio
968 673 1126 723 citatis
1153 687 1192 735 3-
1230 679 1360 737 quod
1395 689 1454 723 eo
1492 670 1670 729 euenit,
1722 670 1856 732 quod

139 769 316 819 Iudaea
351 785 503 832 equos
552 785 650 818 non
701 769 872 817 ferret.
956 765 1217 830 Ἀφωιον,
1276 764 1398 835 quod
1436 766 1655 830 sermone
1693 768 1851 826 caret,

137 863 298 926 specie
349 863 695 912 excellentiore
743 862 1001 923 significata
1048 876 1136 924 per
1180 877 1356 912 nomen
1401 860 1610 926 generis·
1702 857 1849 921 Opti-

135 972 214 1007 me
271 957 497 1019 procedit
564 957 876 1018 comparatio.
1020 957 1280 1008 Bileamum
1334 957 1453 1006 asma
1505 954 1700 1021 arguit3
1754 954 1850 1003 hos

134 1051 351 1103 animalia
397 1065 527 1103 muta
582 1066 741 1115 prope
795 1051 988 1109 omnia3
1049 1052 1170 1103 haec
1223 1051 1347 1102 enim
1395 1053 1532 1103 sexus
1572 1055 1706 1115 leges
1751 1047 1848 1099 ser-

134 1158 265 1206 naut,
312 1150 538 1210 quaedam
582 1145 724 1195 etiam
765 1146 1046 1209 pudicitiam
1105 1146 1422 1210 coniugalem,
1466 1149 1599 1209 quod
1639 1143 1710 1195 illi
1749 1157 1849 1191 non

133 1241 335 1292 faciunt.
524 1238 563 1288 ἐν
622 1241 820 1299 &neposve
876 1241 994 1301 φωνῇ
1045 1242 1358 1303 φθεγξάμενον)
1424 1241 1637 1292 Historia
1685 1237 1846 1291 Bilea-

133 1334 201 1385 mi
241 1334 419 1397 legitur
457 1335 601 1387 Num.
648 1334 813 1384 XXII.
876 1336 1054 1386 Variae
1090 1338 1195 1387 sunt
1241 1335 1558 1400 interpretum
1594 1339 1654 1386 de
1696 1333 1848 1385 Bilea-

132 1430 199 1480 mi
249 1430 369 1478 asma
427 1432 660 1491 loquente
719 1430 994 1479 sententiae.
1098 1431 1443 1494 Omnia.quae
1488 1431 1703 1480 Bileamo
1762 1425 1848 1477 hic

109 1507 343 1576 'eueniffe
395 1537 664 1586 narrantur,
722 1519 850 1574 fwsta
887 1527 978 1575 effe
1026 1527 1072 1576 in
1125 1526 1309 1575 uifione
1367 1520 1708 1574 Maimonides
1746 1518 1849 1571 exi-

59 1660 65 1661 γ
109 1618 361 1677 ‘stimauin
412 1629 464 1667 ut
510 1617 747 1693 Bileamus
788 1619 835 1670 in
889 1610 989 1683 ipso
1032 1620 1200 1671 itinere
1264 1620 1312 1671 in
1360 1619 1565 1670 Ecstasm
1600 1614 1845 1676 redaRu&

131 1714 303 1764 asinam
335 1717 615 1775 loquentem
651 1715 814 1764 audire
850 1714 936 1764 fibi
974 1717 1099 1767 uisus
1143 1715 1313 1768 fuerit.
1413 1714 1513 1764 Alii
1548 1713 1846 1774 existimant,

127 1807 301 1860 Mosen
337 1807 457 1857 haec
505 1808 764 1858 desumfiffe
819 1826 845 1860 e
894 1810 1101 1860 carmine
1149 1809 1385 1860 historico
1426 1811 1484 1858 ab
1538 1808 1640 1871 ipso
1681 1808 1842 1860 Bilea·

128 1917 210 1952 mo
254 1900 508 1964 confeRO,
548 1903 750 1952 retentis
786 1906 1035 1976 coloribus
1070 1902 1306 1968 poeticis,
1353 1914 1402 1953 et
1448 1899 1703 1968 fignificari
1736 1911 1841 1949 tan-

128 2009 249 2054 tum,
298 1997 414 2058 quid
464 1998 587 2046 afina
623 1996 783 2047 fuiffet
822 1993 1025 2058 dictura,
1063 1997 1096 2046 si
1146 1998 1280 2047 Deus
1336 1998 1382 2048 ei
1415 2013 1505 2062 per
1557 1996 1842 2051 miraculum

125 2090 406 2141 facultatem
446 2091 680 2154 loquendi
737 2092 1050 2145 conceffiffet.
1150 2089 1263 2142 Vid.
1329 2093 1401 2141 Io.
1461 2091 1573 2144 Car.
1619 2085 1840 2155 Iusti'de

126 2181 338 2235 Bileami
398 2183 530 2252 ‚afina
578 2183 799 2252 loquente
860 2189 1022 2238 Marb.
1090 2169 1245 2254 1774.
1326 2188 1382 2238 B.
1430 2183 1719 2238 Zachariae
1776 2186 1839 2235 ad

123 2281 176 2332 h.
212 2285 244 2330 l.
297 2277 431 2332 Guil.
488 2276 680 2333 Frider.
741 2279 939 2334 Hezelii
984 2278 1153 2333 Biblia
1208 2297 1422 2349 german.
1481 2296 1583 2333 cum
1624 2281 1836 2331 annota-

124 2373 351 2428 tionibus.
441 2375 694 2442 Ingeniosa
730 2378 800 2427 est
862 2379 966 2430 Cel.
1020 2373 1299 2440 Ierusalemi
1358 2376 1610 2439 sententia,
1669 2372 1837 2426 existi-

125 2478 318 2534 manti8‚
390 2472 483 2522 effe
544 2477 789 2525 oraculum
849 2468 1036 2534 fletum,
1100 2476 1224 2535 apud
1281 2471 1529 2522 Moabitas
1572 2479 1837 2534 repertum,

121 2566 232 2616 et‘a
264 2565 406 2615 Mose
445 2566 673 2620 historiae
727 2571 832 2620 suae
875 2566 1022 2619 uariis
1079 2581 1141 2616 ex
1184 2568 1346 2617 cauffis
1388 2566 1632 2617 insertum.
1702 2561 1836 2613 Vide

121 2658 227 2709 eius
268 2659 668 2728 Betraehtungen
718 2660 834 2712 iiber
890 2658 965 2711 die
1019 2658 1346 2724 vornehmften
1398 2658 1690 2711 Warheiten
1747 2654 1837 2707 der

123 2750 371 2819 Religion,
427 2757 552 2806 Part.
605 2757 676 2806 ΙΙ.
723 2759 871 2810 Tom.
912 2757 980 2805 11.
1034 2759 1115 2806 uel
1154 2756 1434 2815 particulam
1476 2753 1570 2808 IV.
1621 2767 1673 2815 p.
1719 2765 1834 2811 501.

121 2847 230 2911 sqq.
305 2848 548 2914 Quicquid
581 2852 654 2910 fit,
694 2853 868 2903 Petrus
914 2849 987 2901 rei
1029 2849 1191 2913 gestae
1233 2854 1426 2900 modum
1468 2864 1559 2899 nec
1596 2846 1831 2909 explicat,

122 2957 216 2994 nec
249 2944 491 3007 explicare
537 2945 710 2997 uoluit.
803 2943 974 2995 Vtitur
1023 2943 1115 2994 hac
1170 2944 1404 2995 sententia
1448 2948 1508 2995 ad
1559 2942 1831 3006 reprehen-

116 3040 310 3089 dendos
365 3037 659 3101 impostores
706 3040 840 3105 iliez,
883 3037 966 3101 qui
1007 3039 1339 3100 patrandarum
1374 3037 1626 3094 libidInum
1676 3037 1831 3091 licen-

607 3142 613 3145 ·
934 3133 973 3182 C
993 3147 1019 3182 c
1052 3147 1090 3196 4
1717 3133 1832 3185 tiam
