2155 3643
411 268 460 316 in
494 267 817 338 Apocalypsin
857 269 1072 322 Ioannis.
1144 270 1264 340 Cap.
1292 270 1402 321 IX.
1674 272 1776 339 563
1856 282 1859 289 ‘

233 428 308 473 13.
349 420 422 461 καὶ
455 412 479 462 0‘
509 412 635 469 ἕκτος
668 441 731 449 -
769 413 942 465 ἐνώτιον
982 413 1036 466 τέ
1089 414 1204 474 θεὲ)
1255 416 1422 480 [mago
1473 403 1685 468 desufflta
1718 415 1778 466 ab

70 508 204 562 altari
240 524 403 566 aureo,
444 507 477 556 i.
529 527 572 560 e.
610 509 862 572 suffituum,
899 508 948 558 in
996 524 1093 571 quo
1137 523 1273 561 erant
1327 520 1534 573 quatuor
1581 501 1780 576 cornua,

2 626 6 628 ἡ
70 606 231 653 Exod.
286 602 443 659 XXX,
484 620 533 656 2.
619 586 920 656 Describitur
972 607 1205 653 aduentus
1253 605 1460 655 Romani
1517 605 1782 670 exercitus,

71 699 154 746 sub
199 696 617 758 Tito-militantis,
668 714 714 747 u.
756 709 953 760 13-21.

230 839 310 888 14.
353 824 491 876 Λῦσον
538 852 602 862 -
639 823 879 885 'Elimeia-27)
931 823 1106 887 Angeli
1145 825 1317 875 mortis
1362 824 1505 875 soluti
1545 827 1786 890 dicuntur,

73 934 126 972 ut
158 919 465 985 significetur,
493 920 582 968 iam
627 921 782 969 adeffe
816 932 1007 981 tempus
1040 918 1405 969 internecionis.
1472 922 1547 971 Ex
1583 928 1782 974 nonnul.

72 1019 227 1064 lorum
281 1014 597 1076 interpretum
666 1015 893 1063 sententia
943 1014 994 1064 hi
1041 1024 1243 1076 quatuor
1294 1015 1451 1077 angeli
1509 1015 1612 1066 sunt
1667 1032 1782 1080 qua-

72 1118 187 1158 tuor
243 1109 406 1158 Duces
457 1108 751 1171 Vespasiani,
819 1112 914 1158 dux
972 1106 1195 1169 Arabiae,
1262 1112 1358 1157 dux
1414 1109 1630 1169 Africae,
1687 1115 1784 1163 dux

72 1202 409 1261 Alexandriae,
462 1204 559 1252 dux
622 1204 927 1266 Palaestinae,
986 1217 1190 1266 quorum
1251 1202 1471 1266 ingentes
1536 1205 1782 1257 exercitus

73 1301 134 1346 acl
190 1298 477 1359 Euphratem
542 1312 691 1357 usque
758 1297 1134 1360 pertingebant,
1187 1309 1236 1347 et
1289 1313 1433 1360 quum
1494 1299 1574 1349 diu
1628 1298 1782 1350 confi-

77 1390 190 1449 lium
251 1392 308 1440 iis
355 1393 514 1442 fuisset
566 1393 898 1454 Hierosolyma
957 1391 1197 1453 obsidere,
1268 1407 1346 1441 res
1400 1405 1556 1443 tamen
1614 1390 1780 1443 diuino

80 1485 280 1534 consilio
326 1485 468 1538 dilata
511 1485 603 1535 fuit
645 1485 692 1536 in
737 1499 924 1548 tempus
964 1486 1048 1549 ipsi
1091 1484 1391 1538 destinatum.
1486 1487 1682 1549 Ioseph.
1723 1489 1783 1537 de

78 1584 129 1632 B.
176 1583 280 1632 Iud.
319 1581 415 1643 111,
475 1598 521 1640 4.
578 1596 624 1630 2.
712 1580 913 1631 Tacitus
968 1579 1091 1630 Hist.
1134 1578 1199 1626 V.
1260 1594 1305 1633 c.
1365 1596 1404 1633 ι.
1469 1580 1785 1643 Vespafianus

76 1687 379 1738 praetextum
443 1689 607 1725 morae
661 1676 890 1735 sumebat,
939 1678 1070 1739 quod
1117 1677 1264 1723 uellet
1317 1673 1654 1738 Hierosolyma
1710 1675 1787 1726 in·

79 1772 230 1820 ternis
260 1769 465 1832 primum
500 1767 754 1818 discordiis
791 1769 1023 1831 infringi:
1069 1784 1237 1819 reuera
1273 1773 1469 1820 uolebat
1505 1766 1790 1831 expeehre,

81 1862 299 1930 quorsum
351 1861 395 1908 se
449 1865 642 1912 daturae
692 1864 837 1914 effent
876 1878 954 1913 res
996 1865 1258 1912 Romanae.
1354 1865 1445 1921 Per
1492 1863 1541 1913 id
1591 1875 1785 1925 tempus

81 1957 255 2017 angeli,
294 1959 374 2016 qui
411 1971 499 2004 eos
531 1956 768 2009 incitaturi
806 1970 960 2018 erant,
1014 1953 1162 2006 ιιὶηᾶὶί
1203 1956 1338 2007 fuiffe
1378 1958 1618 2014 dicuntur,
1664 1956 1699 2006 i.
1736 1961 1784 2011 ἑ.

81 2065 106 2098 a
152 2052 259 2098 Deo
311 2048 517 2099 inhibiti.
602 2047 847 2118 Euphrati
905 2050 1096 2100 additur
1146 2051 1315 2100 titulus
1355 2052 1512 2114 magni
1552 2051 1784 2117 fluminiS,

84 2144 190 2206 quia
231 2155 283 2209 *et
317 2144 404 2192 alia
438 2144 622 2194 minora
656 2160 790 2197 erant
821 2145 1016 2195 nomine
1048 2144 1202 2201 ΠἾΞ.
1261 2171 1264 2172 ’
1731 2148 1733 2150 ’

250 2285 325 2334 15·
359 2282 432 2323 καὶ
462 2272 675 2331 s'au'Szwav
702 2301 763 2309 -
796 2276 878 2326 τῶν
912 2274 1165 2338 ἀνθρώπων)
1205 2278 1396 2326 certum
1430 2286 1621 2336 tempus
1653 2274 1785 2324 bello

85 2367 351 2428 Vespasiani
398 2380 448 2417 et
484 2368 584 2418 Titi
622 2387 646 2419 a
690 2372 798 2419 Deo
834 2370 1056 2421 statutum
1101 2347 1219 2427 erat,
1263 2373 1451 2433 quando
1501 2369 1688 2420 initium
1735 2378 1786 2419 et

88 2465 275 2525 quando
329 2462 474 2513 finem
528 2464 644 2513 esset
701 2465 989 2515 habiturum.
1086 2466 1318 2514 Nimirum
1371 2469 1515 2516 trium
1556 2476 1785 2514 annorum

89 2570 194 2604 eum
236 2556 458 2618 dimidiu,
510 2571 536 2605 a
569 2574 682 2608 uere
731 2558 838 2608 anni
881 2559 1047 2609 Iuliani
1104 2574 1206 2611 112.
1251 2564 1308 2609 ad
1346 2563 1635 2612 Autumnum
1674 2557 1786 2606 anni

92 2664 195 2712 115.
254 2651 481 2700 Manilius
538 2652 632 2700 111.
690 2665 800 2710 520.
903 2653 984 2702 Sic
1035 2668 1208 2702 annum
1252 2652 1514 2719 mensesque
1543 2652 1656 2714 suos
1693 2664 1785 2699 na-

88 2749 199 2793 tura
240 2739 430 2809 diesque
477 2752 620 2810 atque
655 2745 782 2815 ipsas
831 2746 983 2796 uoluit
1032 2747 1273 2798 numerari
1307 2745 1448 2815 figna
1492 2761 1582 2816 per
1622 2743 1784 2796 boras.
1862 2784 1865 2787 Δ

88 2847 158 2885 Tb
215 2849 412 2896 τρίτον
471 2846 578 2889 τῶν
643 2842 982 2901 ἀνθρώπων,
1053 2856 1227 2903 nempe
1290 2840 1782 2907 Hierosolymitarum,

88 2932 262 2996 pugnis
296 2945 344 2983 et
375 2935 501 2984 farne
546 2945 656 2984 ante
699 2946 883 2995 captam
916 2937 1098 2991 urbem,
1605 2971 1633 2994 .,

252 3060 334 3109 16.
368 3066 442 3107 καὶ
481 3056 505 3107 o‘
544 3062 720 3115 ἀριθμὸς
760 3085 839 3096 —
868 3060 1047 3116 ἀριθμὸν
1086 3057 1244 3119 ἂυτῶν)
1303 3062 1413 3111 HOC
1450 3058 1588 3122 dicit,
1645 3073 1784 3122 Prae·

92 3155 166 3201 ter
215 3150 319 3201 illas
369 3150 591 3215 legiones
631 3152 874 3215 ingentem
932 3151 1069 3201 fuiffe
1122 3152 1407 3213 equitatum,
1455 3169 1556 3213 non
1606 3166 1791 3206 tantum

833 3244 925 3295 Nn
954 3257 989 3296 2
1469 3242 1473 3248 ’
1578 3248 1798 3313 legiona-
