2155 3643
299 205 406 258 266
1075 197 1276 252 Scholia

298 359 470 419 filium,
535 352 732 404 Ioannis
786 353 986 404 fratrem
1041 368 1142 402 non
1182 353 1276 402 effe
1316 349 1588 416 austomm,
1641 354 1691 406 in
1730 371 1792 407 eo
1827 353 2025 420 plurimi

297 454 522 506 homines
579 447 718 499 <loeti
769 448 923 499 hodie
983 448 1310 501 consentiunt.
1377 450 1427 499 Is
1482 451 1611 500 enim
1672 450 1803 500 circa
1847 466 1891 500 a.
1936 461 2025 512 43.

300 554 379 602 uel
412 563 503 611 44.
585 545 790 594 Herode
847 542 1069 608 Agrippa
1119 557 1369 608 regnante,
1439 545 1697 609 religionis
1744 543 2029 594 christianae

300 644 454 695 caussa
485 643 774 692 interemtus
822 639 913 699 est,
961 634 1077 688 Αὲἶ.
1126 639 1247 705 XII,
1298 653 1348 695 2:
1420 657 1519 708 quo
1569 654 1795 704 tempore
1846 639 2027 701 religio

297 739 552 791 christiana
594 735 891 786 Palaestinae
943 735 1067 785 fines
1117 741 1331 788 nondum
1387 738 1670 790 excesserat.
1761 735 2031 799 Epistolam

295 836 508 890 nostram
562 842 722 908 autem
780 830 1004 891 scriptam
1054 834 1148 884 effe
1187 833 1470 886 Christianis
1508 846 1661 887 extra
1717 833 2030 886 Palaestinam

298 932 592 988 uiuentibuS,
655 942 718 979 ex
773 943 818 977 c.
881 928 926 991 Ι,
969 943 1011 976 1.
1057 933 1329 981 luculenter
1380 943 1601 993 apparet.
1710 930 1813 982 Alii
1855 940 1908 979 et
1941 943 2030 977 ue-

299 1044 431 1083 teres
463 1037 514 1077 et
551 1022 858 1075 recentiores
895 1019 1144 1083 Iacobum,
1198 1023 1415 1094 Alphaei
1449 1027 1614 1087 ⁴filium
1660 1027 1897 1091 epistolae
1935 1039 2027 1074 no-

298 1124 426 1174 strae
479 1119 731 1172 auetorem
772 1120 867 1170 esse
912 1119 1204 1186 existimant,
1265 1137 1409 1186 quem
1457 1124 1677 1175 Domino
1726 1124 1787 1172 ab
1825 1120 1922 1171 aiio
1957 1124 2028 1169 la-

298 1230 405 1270 tere
443 1229 724 1277 cognatum,
771 1230 974 1277 eamque
1020 1217 1086 1264 ob
1135 1219 1335 1268 caussam
1375 1224 1556 1281 ἀδελφοι
1601 1240 1657 1270 w
1704 1210 1821 1279 κυριε
1861 1216 2029 1278 appel-

299 1318 447 1364 latum
497 1313 592 1362 effe
653 1308 868 1360 censent.
928 1309 1027 1359 Hic
1088 1313 1321 1378 Iacobus,
1389 1318 1422 1365 fi
1484 1326 1704 1365 ueterum
1766 1307 2033 1363 narrationi

299 1412 429 1473 apud
481 1403 740 1469 Eusebium
797 1405 950 1468 (Hist.
998 1408 1173 1458 eccles.
1209 1409 1265 1461 L.
1306 1409 1379 1473 ΙΙ,
1435 1425 1481 1462 c.
1514 1409 1626 1474 23.)
1670 1408 1930 1468 credimus,
1965 1405 2032 1455 ob

217 1529 220 1531 >
300 1505 584 1568 singularem
631 1502 860 1553 uirtutem
903 1501 1146 1559 [iexmoq
1187 1501 1371 1569 umus,
1427 1523 1516 1570 per
1555 1505 1752 1572 triginta
1799 1513 2035 1553 annorum

299 1601 471 1654 seriem
512 1598 743 1651 ecclesiae
779 1598 1249 1663 Hierosolymitanae
1286 1602 1519 1663 praefuit,
1556 1602 1692 1654 Pauli
1733 1598 1876 1649 etiam
1912 1611 2036 1646 con-

302 1698 553 1748 suetudine
610 1697 740 1757 usus,
802 1689 946 1754 (Aest-
999 1695 1143 1752 XXI,
1198 1694 1312 1758 18.)
1354 1713 1453 1747 non
1497 1698 1651 1746 multo
1706 1706 1816 1745 ante
1849 1697 2035 1745 bellum

301 1792 553 1843 Iudaicum
598 1790 789 1841 occisus
825 1789 909 1839 est.
1015 1786 1242 1840 Herdero
1298 1805 1440 1854 uem,
1495 1792 1572 1841 cui
1609 1790 1926 1854 adstipulatur
1970 1792 2036 1838 cl.

301 1886 469 1955 Dau3
529 1883 748 1936 Iulius
802 1884 962 1936 Pott
1020 1886 1099 1948 (in
1157 1887 1442 1950 Prolegom.
1492 1882 1542 1934 in
1587 1884 1816 1946 epistolas
1863 1884 2036 1936 catho-

302 1980 449 2042 licas)
503 1995 759 2046 germanus
809 1979 918 2032 Iesu
951 1981 1123 2046 frater,
1172 1982 1386 2033 diuersus
1434 1982 1494 2029 ab
1533 1981 1741 2042 Alphaei
1777 1982 1884 2031 filio
1928 1979 2037 2044 epi-

302 2076 474 2147 stolam
516 2078 640 2128 hanc
673 2077 906 2140 scripsisse
943 2077 1159 2130 uidetur.
1242 2077 1544 2140 Argumenta
1576 2092 1671 2139 pro
1715 2076 1912 2142 fingulis
1958 2075 2038 2127 his

290 2173 555 2224 'sententiis
606 2174 881 2225 examinare
913 2191 1014 2225 non
1056 2174 1127 2224 est
1161 2172 1305 2223 huius
1352 2172 1476 2224 loci.
1537 2171 1655 2224 Vid.
1688 2172 1870 2226 Illustr.
1913 2171 2038 2224 Mi-

305 2264 490 2321 chaelis
535 2267 815 2324 Introdueh
853 2270 903 2322 in
941 2271 1126 2321 Libros
1167 2269 1235 2321 N.
1269 2271 1324 2321 F.
1363 2264 1413 2331 §.
1455 2279 1577 2330 199.
1611 2280 1743 2320 200.

465 2460 550 2512 Aa
583 2476 708 2525 quos
739 2461 865 2511 haec
896 2458 1104 2522 epistola
1140 2456 1311 2520 scripta
1344 2457 1515 2521 fuerit,
1565 2467 1701 2521 patet
1733 2471 1797 2509 ex
1831 2473 1873 2511 c.
1906 2456 1949 2516 Ι,
1986 2467 2036 2508 1.

303 2555 388 2609 Aa
416 2566 636 2620 tempu&
688 2559 827 2621 quod
882 2554 1072 2612 attinet,
1127 2552 1251 2604 nihil
1301 2556 1546 2616 explorati
1593 2551 1811 2619 proferri
1849 2549 2038 2616 potest,

303 2650 395 2703 nisi
442 2651 678 2718 ¹scriptam
741 2665 846 2701 eam
899 2660 1137 2714 oportere
1199 2647 1355 2707 fuifl'e,
1420 2648 1500 2711 (ut
1551 2665 1614 2701 ex
1655 2656 1691 2703 1.
1745 2665 1789 2699 c.
1844 2644 2038 2713 patet‚)

305 2744 564 2810 postquam
622 2747 803 2812 religio
851 2745 944 2796 iam
1005 2754 1144 2794 extra
1203 2743 1513 2797 Palaestinam
1567 2746 1618 2798 in
1664 2743 1779 2796 aliis
1822 2740 2040 2808 regioni.

305 2842 400 2892 bus
447 2855 719 2908 propagata
767 2842 944 2893 fuerat.
1060 2838 1374 2902 Perspicuum
1417 2840 1489 2890 est
1555 2839 1821 2906 Scriptoris
1875 2835 2036 2887 confi-

304 2935 442 2997 lium,
509 2943 641 3003 quod
703 2954 766 2989 eo
826 2933 1029 3001 spectat,
1097 2947 1152 2985 ut
1225 2933 1628 2986 confirmarentur
1682 2933 1939 2986 Christiani
1986 2933 2061 2986 in„

303 3031 407 3084 fide
474 3035 701 3087 aduersus
774 3031 1143 3103 persecutiones
1177 3066 1195 3094 ,
1292 3042 1410 3093 quas
1478 3031 1784 3093 patiebantur
1854 3026 2039 3094 grauis-

307 3125 466 3180 simas·
614 3130 912 3184 Arhortatur
984 3124 1114 3178 enim
1192 3123 1497 3179 Christianos
1561 3129 1624 3180 ad
1698 3123 2038 3186 constantiam,

1843 3216 2074 3293 patim-l
