2155 3643
292 203 402 266 446
1088 199 1287 260 Scholia
1319 270 1323 275 ¹

293 366 414 414 quae
455 348 617 400 semini
653 349 791 408 saepe
829 363 1156 417 comparatur,
1192 350 1431 416 produe'ta
1466 355 1538 405 est
1582 357 1792 424 indoles,
1823 356 2013 409 diuinae

292 447 476 507 similite,
538 458 561 494 1
620 444 745 495 Petr.
804 444 845 505 t,
905 459 991 500 22.
1048 459 1133 509 23·
1216 448 1334 497 Non
1381 457 1579 518 peccat,
1629 467 1802 514 nempe
1845 465 2015 504 contra

296 537 655 599 conscientiam,
707 555 770 592 ex
828 543 981 593 uerbo
1032 543 1127 593 Dei
1172 541 1309 593 Υεᾶὶε
1369 543 1696 596 informatam.
1752 529 1754 533 ’
1836 552 1902 598 ὅτι
1950 573 2015 582 —-

290 634 434 696 μένει)
473 632 505 681 i.
553 651 597 682 e.
635 635 758 700 Quia
804 639 1003 687 uerbum
1048 637 1163 694 Dei,
1221 643 1351 701 quod
1401 639 1526 701 quafi
1563 641 1721 690 semen
1771 640 1858 702 est,
1918 657 2015 704 quo

295 726 456 779 diuina
494 740 661 778 natura
712 731 760 779 in
812 731 958 781 nobis
1000 731 1229 795 gignitur,
1287 731 1335 781 in
1393 733 1498 795 ipso
1552 748 1782 798 uegetum
1836 734 2016 794 existit,

293 830 374 875 uel
412 825 508 876 uim
548 823 670 874 suam
727 826 926 877 exserit.
1010 825 1178 875 Semen
1232 825 1335 876 Dei
1380 828 1452 878 est
1504 831 1703 880 uerbum
1751 829 2020 893 Euangelii,

296 921 479 971 Matth.
512 920 658 982 XIII,
698 936 779 983 ¹9·
849 934 871 970 1
909 923 1040 994 Petr.
1073 921 1121 989 Ι,
1174 934 1257 985 23.
1292 923 1396 974 Iac.
1433 923 1475 981 Ι,
1528 929 1600 978 18.
1668 925 1881 973 Μένει»
1935 923 2019 973 hic

295 1015 368 1065 est
397 1017 560 1075 ineffe‚
594 1017 739 1079 quod'
763 1016 1129 1081 intelligendum
1166 1018 1236 1066 est
1269 1017 1522 1079 ἐνεργῶς,
1582 1017 1649 1069 ita
1681 1029 1736 1068 ut
1787 1034 1879 1069 nec
1921 1035 2021 1070 are·

292 1106 475 1162 fastum
511 1113 588 1174 fit,
632 1127 722 1161 nec
766 1109 1067 1174 suffocatum,
1116 1113 1194 1162 sed
1236 1126 1448 1166 naturam
1495 1113 1897 1177 efficientiamque
1939 1129 2019 1164 re-

293 1205 468 1256 tineat.
556 1206 638 1256 Est
683 1218 841 1256 autem
890 1208 999 1257 talis
1053 1209 1446 1271 argumentatio:
1509 1209 1639 1260 Fieri
1685 1225 1782 1259 non
1835 1209 2021 1273 potest,

291 1314 349 1352 ut
396 1301 478 1365 qui
511 1302 638 1352 filius
674 1302 745 1351 est
775 1302 886 1361 Dei,
919 1301 968 1351 in
1018 1320 1080 1352 eo
1114 1319 1214 1354 non
1253 1304 1309 1353 fit
1335 1307 1553 1363 uerbum,
1600 1308 1733 1369 quod
1763 1303 1833 1353 est
1863 1304 2022 1354 semen

296 1397 527 1450 diuinum.
628 1400 696 1449 At
755 1397 894 1449 uerbi
942 1398 1014 1448 uis
1050 1415 1106 1448 ea
1141 1399 1230 1462 est,
1286 1413 1339 1449 ut
1377 1415 1470 1450 nos
1527 1416 1552 1449 a
1596 1398 1821 1464 peccatis
1862 1409 2021 1450 arceat

295 1493 532 1554 iubend0‚
581 1499 812 1558 uetand0‚
865 1495 1172 1558 pollicendO,
1228 1496 1588 1545 comminando·
1756 1503 1831 1545 καὶ
1865 1493 1893 1545 ἐ
1939 1491 2016 1545 δυ’-

298 1609 424 1638 ιαται
456 1613 520 1622 —-·
564 1587 836 1651 γεγέννηται)
889 1592 978 1641 ’ov
1018 1590 1262 1642 δύναται
1308 1590 1389 1642 hic
1425 1587 1608 1642 clidium
1648 1590 1913 1649 moraliter,
1973 1602 2024 1640 et

296 1682 552 1747 fignificat,
587 1699 709 1748 rem,
753 1690 814 1735 de
843 1702 933 1749 qua
968 1687 1142 1749 agitur,
1208 1687 1410 1736 alienam
1439 1686 1532 1734 effe
1574 1686 1632 1734 ab
1673 1684 1913 1736 eiusmodi
1948 1685 2024 1735 in·

297 1776 466 1841 genio.
536 1777 699 1838 Rati0,
741 1794 827 1830 cur
868 1781 1105 1843 peccandi
1134 1780 1339 1830 studium
1379 1781 1583 1830 alienum
1625 1780 1682 1829 fit
1724 1794 1749 1828 a
1787 1779 1896 1830 talis
1928 1781 2022 1830 ho-

298 1875 442 1925 minis
481 1873 703 1938 ingenie,
771 1875 852 1926 hic
904 1877 1092 1939 petitur
1142 1891 1204 1925 ex
1264 1871 1471 1926 subieeti
1520 1875 1754 1927 nominet
1822 1880 1913 1927 ὅτι
1960 1878 2024 1925 ἐκ

298 1971 410 2021 oei}
447 1971 810 2030 γεγέννηται,
860 1971 988 2034 quasi
1026 1970 1188 2022 dicatt
1234 1987 1333 2021 non
1373 1969 1547 2020 mirum
1598 1969 1689 2032 est,
1745 1986 1851 2020 eum
1885 1987 2023 2021 aner-,-
2077 1955 2080 1959 ⁴

299 2067 399 2118 sum
450 2066 544 2115 effe
600 2078 627 2113 a
685 2067 830 2115 rebus
871 2065 1059 2122 uetitis,
1117 2064 1510 2129 quandoquidem
1567 2065 1666 2121 est,
1721 2080 1777 2114 ac
1829 2067 1922 2116 effe
1976 2067 2026 2116 se

302 2161 523 2212 meminit
579 2157 675 2209 Dei
733 2159 917 2223 filium,
990 2177 1046 2211 ac
1103 2160 1311 2225 proinde
1365 2161 1525 2210 Deum
1581 2159 1669 2208 fibi
1718 2160 2023 2213 imitandum.

300 2256 431 2306 Hinc
487 2271 604 2305 uero
656 2269 757 2304 non
813 2254 1045 2319 sequitur,
1104 2272 1217 2308 eum
1287 2271 1390 2306 non
1436 2256 1571 2320 posse
1627 2254 1861 2320 definere,
1929 2253 2029 2307 Dei

303 2350 455 2401 filium
486 2350 598 2400 esse·

456 2488 539 2524 10·
575 2472 618 2523 ἕν
647 2477 858 2536 τέτῳ-
910 2482 1090 2537 &asama-1
1144 2474 1279 2540 οἷυτέ)
1336 2475 1415 2525 Ἐν
1458 2471 1617 2537 τέτῳ
1669 2475 1887 2526 nonnulli
1941 2492 2023 2528 re-

302 2571 467 2622 ferunt
507 2573 566 2620 ad
601 2571 951 2631 antecedentia,
1004 2572 1083 2620 alii
1121 2575 1180 2621 ad
1234 2570 1492 2632 sequentia.
1558 2572 1655 2620 Sed
1695 2574 1898 2635 perinde
1939 2572 2030 2626 est.

303 2676 384 2719 Τὰ
427 2666 606 2717 τέκνω
653 2666 725 2716 τὲ
776 2676 1046 2729 ammas,
1079 2668 1162 2731 qui
1221 2668 1481 2717 Diabolum
1530 2664 1794 2729 imitantur,
1854 2679 1906 2717 et
1951 2666 2025 2716 fa-

305 2761 439 2812 ciunt
479 2777 550 2820 ea,
593 2776 714 2824 quae
762 2760 849 2822 ipfi
899 2761 1004 2812 sunt
1051 2773 1215 2827 grata3
1262 2763 1381 2811 ficut
1437 2770 1510 2812 τὰ
1561 2759 1741 2811 τέκνα
1783 2761 1850 2811 τὲ
1897 2758 2026 2825 θιέ,

305 2855 391 2920 qui
439 2855 689 2907 imitantur
738 2857 913 2916 Deum,
967 2869 1018 2907 et
1062 2861 1362 2908 uoluntatem
1416 2854 1521 2904 eius
1570 2853 1778 2907 libenter
1830 2855 2030 2909 faciunt.

306 2962 507 3003 Ποιεῒν
545 2951 953 3017 δικαιοσύνην,
1007 2965 1239 3002 exercere
1288 2951 1536 3002 uirtutem·
1598 2948 1725 3003 Ὀυκ
1783 2951 1909 3009 ε’ςιν
1962 2949 2025 2999 ἔκ

305 3046 381 3096 τέ
406 3048 534 3108 θεεῑ,
567 3062 667 3099 non
711 3063 968 3100 ueneratur
1001 3049 1162 3098 Deum
1194 3048 1400 3097 Patrem.
1468 3044 1736 3108 Ἀδελφδς
1775 3046 1828 3099 h.
1875 3049 1912 3096 1.
1953 3043 2028 3095 est

311 3140 345 3191 ἐ
377 3150 634 3207 πλησίον,
682 3141 818 3194 homo
865 3144 1043 3210 quiuis,
1076 3155 1128 3195 ut
1168 3142 1305 3206 supra
1344 3142 1412 3202 II,
1444 3156 1498 3205 9.
1847 3215 1906 3257 n
1963 3209 1986 3255 ὅ

1913 3238 1926 3254 ⁰
1984 3230 2036 3258 Τι
