2155 3643
226 267 300 332 46
1003 258 1203 312 Scholia

223 428 318 479 pro
352 409 661 474 presbytero,
695 419 839 471 quum
863 382 1051 458 eleStus
1083 404 1174 470 est,
1220 389 1468 465 iudicium,
1517 403 1663 458 facile
1703 406 1786 462 uni
1829 407 1942 463 testi

227 508 603 575 praeponderat.

389 676 476 712 20.
511 657 591 712 τὲς
629 659 954 717 ἁμαρτάνοντας
988 681 1052 690 -
1109 652 1289 716 ἔλεγχε)
1340 651 1812 716 Ἀμαρτᾶνοντοις
1867 655 1946 706 ἰη-

233 757 399 822 tellige
447 753 577 804 uitiis
611 751 886 816 conspicuis
938 749 1200 814 notabileS,
1257 760 1308 801 et
1351 764 1553 813 quorum
1594 752 1822 812 exemplo
1864 750 1949 802 alii

229 858 291 904 ad
331 853 631 915 peccandum
673 847 949 898 trahuntur.
1033 843 1300 896 Ἐνώπιον
1339 852 1580 904 πάντων,
1631 845 1846 895 adstante
1897 857 1949 898 et

228 947 455 1001 audiente
489 945 654 1008 plebe.
759 944 943 993 Seneca
979 946 1038 992 de
1079 941 1158 990 Ira
1192 941 1288 999 III,
1324 955 1403 1005 ¹9·
1479 936 1947 1006 Animaduerfiones,

233 1059 325 1112 quo
358 1042 568 1092 notiores
588 1037 727 1104 sunt,
766 1035 877 1106 plus
908 1032 974 1086 ad
1016 1034 1283 1105 exemplum
1332 1031 1800 1099 emendationemque
1831 1048 1948 1105 pro-

223 1139 427 1207 ficiunt.
637 1140 702 1183 ἵνα
748 1141 824 1182 καὶ
855 1157 920 1168 -
972 1130 1134 1192 ἔχωσι)
1201 1132 1325 1180 Nam
1382 1146 1647 1194 poenarum
1704 1145 1806 1183 tres
1849 1131 1953 1182 sunt

230 1233 392 1286 fines:
462 1243 517 1282 ut
568 1228 745 1280 melior
791 1228 877 1279 fiat
928 1227 989 1287 is,
1059 1225 1141 1286 qui
1201 1227 1359 1290 lapsus
1422 1225 1509 1282 est,
1575 1236 1625 1275 et
1677 1239 1730 1278 ut
1786 1226 1952 1276 honos

232 1329 441 1380 aliorum
497 1325 650 1378 laesus
701 1322 1002 1387 resarciatur,
1073 1335 1125 1372 et
1191 1335 1246 1373 ut
1311 1321 1395 1373 alii
1467 1323 1695 1385 exemplo
1764 1320 1953 1373 abster-

232 1440 258 1477 1‘
263 1434 451 1475 eantur·

399 1588 481 1629 2¹.
522 1571 858 1636 διαμαρτῦρομοιι
882 1596 948 1607 ·-·
977 1569 1278 1633 τροκρῖμσιτος)
1332 1566 1554 1637 Obtest'or
1588 1577 1636 1621 te
1667 1581 1759 1636 per
1792 1568 1955 1621 Deum

237 1690 340 1729 etc.
377 1675 414 1728 i.
455 1691 500 1726 e.
537 1670 804 1736 grauissime
843 1678 891 1717 te
923 1667 1115 1717 hortor.
1178 1666 1498 1729 Ἐκλεκτοὶ,
1549 1679 1673 1728 quos
1707 1665 1843 1716 Deus
1879 1667 1955 1716 di-

239 1773 375 1837 figit,
422 1769 505 1834 qui
541 1779 590 1818 et
615 1762 740 1815 'alibi
790 1766 918 1820 ἅγιοι.
999 1771 1178 1826 Χωρὶς
1210 1773 1620 1824 προκρίματος,
1668 1757 1772 1827 fine
1800 1773 1955 1830 prae-

242 1864 448 1929 iudicio,
499 1864 631 1926 quod
669 1866 832 1912 locum
877 1858 1042 1919 habet..
1104 1860 1185 1909 ubi
1223 1857 1483 1909 inauditum
1529 1868 1607 1906 aut
1659 1854 1958 1906 indefensum

152 1958 159 1971 Ι
241 1964 391 2014 iudex
450 1962 660 2009 damnat.
853 1956 986 2013 μηδὲν
1024 1981 1086 1989 ·-
1145 1953 1407 2015 πρόσκλισιν)
1461 1948 1610 2003 Nihil
1652 1947 1960 2019 propensione

232 2058 455 2125 faciens,
497 2055 530 2106 i.
569 2069 614 2102 e.
650 2051 699 2101 in
739 2051 936 2115 gratiam
975 2054 1056 2101 uel
1101 2050 1226 2113 εἰιιε,
1271 2050 1408 2101 cuius
1457 2047 1608 2098 cauffa
1658 2046 1836 2110 agitur,
1879 2055 1962 2098 aut

246 2156 486 2214 collegae,
522 2159 604 2198 aut
644 2147 1046 2197 commendantis·

407 2329 491 2370 22.
545 2326 691 2377 χεῖρας
724 2340 788 2350 -
842 2313 1058 2375 ἐπιτίθει)
1128 2313 1162 2363 i.
1222 2329 1267 2364 e.
1325 2311 1568 2364 neminem
1626 2309 1814 2376 ordina,
1877 2308 1965 2362 nisi

250 2416 388 2481 prius
436 2411 566 2462 uitae
616 2422 667 2460 et
710 2409 994 2473 aptitudinis
1045 2409 1316 2471 exploratis
1365 2406 1657 2458 rationibuS.
1774 2406 1965 2457 Gellius

248 2510 294 2574 Ι,
330 2524 383 2574 9.
424 2509 484 2555 de
523 2507 833 2570 Pythagora:
890 2504 1034 2566 Eum,
1083 2504 1163 2568 qui
1194 2500 1484 2570 exploratus
1528 2497 1589 2550 ab
1645 2514 1698 2550 eo
1743 2496 1966 2550 idoneus·

251 2620 342 2672 que
393 2602 728 2664 (compertus)
791 2598 979 2665 fuerat,
1050 2599 1204 2667 recipi
1261 2599 1314 2648 in
1383 2594 1686 2666 disciplinam
1750 2592 1969 2651 iubebat.

251 2701 362 2762 μηδὲ
397 2724 461 2734 --
495 2696 758 2757 ἀλλοτρίαις)
810 2700 904 2748 Per
936 2702 1229 2757 ἁμαρτίαις
1280 2695 1524 2756 poffurnus
1557 2692 1640 2743 hic
1676 2689 1967 2757 metonymi-

254 2812 312 2847 ce
372 2807 554 2865 poenas
614 2789 931 2854 intelligere,
1007 2803 1061 2840 ut
1121 2792 1271 2839 Num.
1341 2789 1484 2860 XVI,
1549 2788 1639 2840 26.
1703 2796 1754 2835 et
1807 2785 1971 2848 Apoc.

253 2891 451 2953 XXIII5
487 2907 539 2952 4.
619 2887 696 2937 Ita
730 2886 963 2937 sententia
1012 2886 1163 2936 effer:
1221 2861 1488 2934 Poenariim
1536 2898 1561 2932 a
1601 2882 1712 2934 Deo
1753 2879 1973 2943 infligen-

254 2991 421 3037 darum
458 2984 537 3041 iis,
590 2982 752 3032 nolito
801 2994 851 3032 te
892 2980 1181 3045 participem
1224 2978 1453 3040 efficere-3,
1517 2977 1566 3026 icl
1624 2974 1751 3025 enim
1809 2974 1975 3024 facere

252 3080 449 3132 uidetur
484 3079 544 3136 is,
584 3077 668 3140 qui
703 3077 933 3143 indignos
970 3076 1181 3127 ordinat.
1347 3079 1520 3125 σεαυτὲν
1552 3078 1673 3129 ἁγνὸν
1705 3067 1850 3132 τήρει)
1892 3069 1978 3120 Sc.

252 3181 341 3231 ἆπὸ
390 3176 478 3227 «ὧν
525 3174 762 3235 ἀλλοτρίων
824 3170 1055 3237 ἁμαρτιῶν.
1187 3168 1292 3221 ΑΙὶἰ
1353 3171 1415 3219 ad
1468 3165 1736 3217 castitatem
1793 3178 1975 3228 corpo·

1903 3272 1976 3313 ris
