2155 3643
653 22 671 59 'x

303 172 307 174 ’
361 197 365 199 ·
419 187 472 237 §n
500 185 757 257 Epistolam
784 188 918 240 Petri
942 184 1254 258 posteriorem.
1325 184 1441 254 Cap.
1475 184 1547 234 ιι.
1723 196 1832 250 403

101 338 293 398 gantes,
351 333 433 399 qui
477 349 570 382 non
615 338 838 381 verentur
890 328 1174 381 maledicere
1234 332 1315 392 iis,
1387 331 1466 397 qui
1522 329 1574 378 in
1616 325 1816 393 summis

105 424 360 476 bonoribus
389 425 507 489 sunt
545 424 698 496 pofiti.
783 426 863 477 ‘01
916 425 970 474 ἐν
1029 435 1157 482 δόξᾳ
1211 425 1273 473 sc.
1326 429 1456 486 ὄντες,
1507 429 1585 474 uel
1633 424 1812 489 summi

104 518 428 586 magistratus,
472 528 549 571 uel
597 519 761 587 angeli
802 519 941 581 primi
994 519 1191 569 ordinis.
1279 518 1329 567 Si
1373 518 1682 585 magistratus
1719 517 1810 569 hu-'

103 630 267 670 manos
325 613 601 676 intelligas,
668 614 856 663 uidetur
907 614 1004 664 hoc
1062 613 1304 675 pertinere
1368 618 1426 662 ad
1482 615 1810 682 IudaizanteS,

103 723 303 771 regnum
372 707 548 756 Christi
602 707 782 756 uifibile
840 709 888 757 in
957 706 1034 755 his
1098 707 1274 764 terris,
1359 716 1408 754 et
1469 707 1680 768 gentium
1738 709 1812 759 in-

103 805 294 852 teritum
361 795 716 860 expectantem
783 800 834 850 hi
906 802 1031 849 enim
1092 800 1186 848 fine
1253 799 1400 849 dubio
1465 803 1816 855 maledicebant

104 893 476 959 magistratibus.
654 895 813 957 Quare
890 897 1239 957 promittebant
1318 893 1630 960 libertatem,
1709 897 1811 958 (in-

102 990 177 1041 fra
224 1006 270 1039 u.
325 988 434 1050 19.)
490 1002 662 1050 nempe
711 1003 735 1036 a
798 992 913 1052 iugo
986 1001 1034 1038 et
1092 988 1306 1039 dominio
1359 990 1592 1053 gentium.
1706 991 1812 1039 An-

103 1084 228 1148 gelis
287 1098 439 1140 uem,
512 1094 732 1144 tanquam
797 1080 1080 1133 auetoribus
1146 1083 1310 1131 mundi
1377 1083 1606 1146 corporei
1664 1088 1812 1134 male-

104 1179 330 1228 dicebant
385 1175 606 1225 homines
661 1176 875 1239 impurae
927 1177 1073 1241 uitae,
1152 1181 1316 1240 quales
1366 1178 1536 1240 postea
1596 1176 1815 1243 Gnostici

105 1272 210 1322 sunt
267 1269 508 1334 appellati.
569 1336 572 1338 ῃ

272 1401 358 1456 ιι.ν
389 1410 468 1455 ὅτε
509 1428 573 1438 —-
616 1412 867 1463 βλάσφημον
902 1404 1052 1467 κρίσιν)
1109 1405 1271 1473 Qum
1312 1410 1471 1454 tamen
1517 1404 1681 1472 angeli
1719 1421 1810 1476 po-

106 1500 269 1559 testate
324 1509 372 1549 et
424 1484 665 1565 dignitate
700 1499 901 1547 maiores
961 1516 1052 1548 non
1100 1497 1276 1563 ferant
1325 1499 1613 1560 sententiam
1662 1500 1811 1552 male-

107 1592 263 1643 dicam
311 1598 482 1642 contra
538 1609 629 1652 eos,
682 1608 842 1642 coram
905 1591 1008 1641 Dei
1067 1591 1318 1645 tribunali.
1441 1607 1603 1654 Παρὰ
1651 1609 1818 1658 κυρίῳ

108 1689 336 1738 omittunt
376 1688 575 1736 codices
627 1687 845 1737 nonnulli
905 1700 956 1736 et
1005 1688 1263 1737 uerfiones.
1413 1694 1552 1738 Κατ’
1606 1694 1809 1750 ἀυτῶν,

108 1789 279 1831 contra
318 1798 413 1845 eos,
450 1787 527 1832 uel
578 1777 903 1848 magistratus,
956 1787 1034 1832 uel
1071 1779 1283 1849 angelos,
1319 1794 1370 1832 et
1403 1784 1594 1845 quidem
1635 1786 1810 1832 malos,

107 1876 320 1925 Videtur
373 1877 611 1938 respicere
675 1878 849 1925 Petrus
903 1878 960 1923 ad
1013 1881 1209 1926 eandem
1268 1876 1498 1938 fabulam,
1557 1892 1648 1939 qua
1702 1880 1811 1927 usus

109 1970 179 2020 est
216 1968 357 2017 Iudas
401 1967 447 2016 in
482 1967 625 2028 Epist.
669 1983 844 2016 comm.
889 1982 939 2030 9.
977 1968 1058 2016 ubi
1091 1974 1357 2020 annotanda
1392 1971 1522 2021 uide.
1619 1973 1815 2024 Pofl'ent

110 2063 251 2114 etiam
288 2063 348 2110 fic
389 2060 594 2123 intelligi
635 2061 755 2110 haec
791 2064 967 2110 uerba:
1027 2069 1227 2126 angelos
1271 2080 1367 2113 non
1400 2064 1464 2112 ita
1500 2065 1814 2115 immodestos

109 2158 221 2213 esse,
263 2169 315 2204 ut
362 2153 574 2204 iudicent
614 2153 791 2204 sinistre
837 2162 962 2219 apud
1017 2158 1260 2208 dominum
1300 2162 1359 2207 de
1400 2159 1676 2208 hominibus
1717 2160 1816 2209 illis

109 2248 284 2312 impiis.
347 2247 584 2297 Dicuntur
618 2250 773 2311 angeli
815 2251 924 2299 Iob.
979 2252 1017 2301 Ι.
1073 2265 1122 2302 et
1174 2257 1298 2315 apud
1348 2253 1597 2302 Danielem
1636 2254 1814 2303 uersari

110 2344 235 2392 inter
292 2341 550 2397 homines,
629 2355 678 2392 et
742 2359 930 2393 narrare
997 2347 1107 2395 Deo
1179 2347 1294 2408 quid
1362 2347 1585 2396 homines
1653 2361 1812 2411 agant.

115 2439 269 2502 Quum
327 2434 474 2498 igitur
531 2439 640 2487 Deo
703 2438 919 2487 referunt
981 2439 1237 2501 impiorum
1309 2442 1430 2487 male
1490 2438 1650 2504 faeta,
1713 2458 1813 2492 non

110 2536 290 2582 addunt
319 2529 495 2579 iudicia
526 2530 722 2594 sinistra,
755 2533 836 2581 sed
870 2547 1060 2582 omnem
1095 2548 1195 2584 rem
1231 2533 1341 2581 Deo
1384 2535 1685 2594 permittunt.

274 2678 352 2717 12.
390 2661 488 2716 ἕτοι
532 2664 584 2714 δῖ
615 2687 692 2700 -
732 2670 1175 2732 καταφθαριιίσονται)
1219 2668 1429 2724 ’Ἄλονά
1493 2672 1600 2726 ζῶα
1647 2683 1813 2730 φυσι-

112 2769 199 2822 κὰ,
238 2759 475 2809 animalia
527 2772 649 2820 quae
695 2761 882 2810 ratione
917 2769 1104 2827 carent,
1162 2772 1210 2816 et
1249 2761 1372 2812 nihil
1416 2761 1503 2831 nisi
1548 2761 1814 2825 instinffum

113 2861 320 2904 naturae
365 2851 646 2917 sequuntur.
787 2857 1179 2914 Γεγευνημεύα
1233 2858 1338 2920 (uel
1392 2870 1446 2908 ut
1504 2858 1585 2906 alii
1631 2859 1813 2913 habent

112 2945 492 3008 γεγενημένα)
549 2949 635 2998 ἐις
686 2946 897 3001 ἅλωσιν
955 2961 1056 3001 καὶ
1115 2957 1354 3013 Φθορᾶν,
1400 2964 1523 3016 quae
1579 2963 1669 3020 per
1725 2968 1812 3004 na-

115 3046 274 3093 turam
321 3040 374 3089 in
422 3037 477 3090 id
530 3036 770 3106 destinata
804 3041 941 3107 sunt,
1003 3052 1057 3095 ut
1101 3043 1174 3109 ‘ab
1227 3042 1486 3096 hominibus
1528 3047 1811 3115 capiantur,

926 3136 1007 3186 Cc
1039 3150 1073 3192 2
1766 3148 1816 3192 et
