2155 3643
328 235 441 314 459
1106 228 1306 282 Scholia

335 390 485 435 mum,
541 389 679 438 quam
721 374 838 427 iusta
872 375 1109 437 persuafio
1158 383 1218 428 de
1267 388 1403 427 tanto
1451 379 1546 429 Dei
1584 395 1697 444 erga
1735 396 1825 430 nos
1867 393 2052 443 amore,

336 487 393 525 ut
447 472 592 522 nobis
649 470 796 522 uitam
849 484 1089 523 aeternam
1142 472 1370 522 destinet.
1473 472 1832 536 Ἐμπροσθεν
1882 472 2052 535 ειυς-ἔ,

333 570 389 618 in
425 568 527 617 eius
562 563 828 633 conspe&u‚
889 583 1034 630 quum
1075 568 1244 631 cogito
1301 572 1361 617 de
1408 568 1537 627 Dee,
1588 572 1703 633 quid
1753 572 1834 620 ille
1869 574 1929 619 de
1973 583 2053 618 me

331 662 520 713 iudicet
557 674 608 713 et
648 663 835 713 sentiat.
921 662 1145 712 Promisit
1195 666 1329 713 Deus
1379 674 1430 712 et
1467 664 1685 714 Christus
1741 666 1865 714 suam
1900 667 2053 714 bene-

331 756 598 808 uolentiam
636 757 714 816 iis,
743 761 822 821 qui
867 774 980 821 erga
1011 756 1134 807 alios
1174 759 1220 808 se
1271 761 1542 810 beneuolos
1570 760 1820 821 praebent.
1907 757 2053 823 Quis·

333 854 441 918 quis
480 854 630 918 igitur
663 869 832 904 omnes
883 854 1109 904 homines
1162 872 1275 906 uere
1336 865 1477 913 amat,
1519 852 1575 904 is'
1621 855 1704 904 fibi
1765 852 1861 904 Dei
1903 855 2053 902 bene-

326 949 596 1000 uolentiam
632 960 765 1009 ‚tuto
812 950 1122 1012 promittere,
1165 963 1215 1001 et
1253 951 1410 1000 animo
1443 949 1704 1012 tranquillo
1737 949 1829 999 esse
1870 948 2053 1013 potest.

319 1042 452 1096 “Orc
485 1043 627 1095 initio
667 1045 923 1095 commatis
969 1057 1038 1096 20
1088 1047 1159 1095 eft
1211 1062 1501 1108 pronomen.
1581 1044 1837 1119 Qicquid
1871 1041 2053 1093 demum

329 1157 416 1191 nos
467 1138 661 1204 accuset
707 1140 895 1191 animus
947 1137 1114 1202 noller.
1215 1142 1352 1203 Ἐὰν,
1414 1157 1505 1204 pro
1566 1143 1645 1195 ἄν.
1710 1143 1883 1193 Sensus
1942 1139 2053 1191 est:

329 1241 434 1289 Eos
468 1236 632 1300 etiam,
684 1251 808 1298 quos
862 1235 1157 1286 conscientia
1214 1236 1348 1299 angit
1398 1240 1462 1287 ob
1514 1217 1714 1302 peecata
1764 1238 1879 1286 olim
1917 1248 2054 1283 com-

329 1334 480 1397 miffa,
525 1331 832 1396 tranquillare
871 1331 1005 1392 poffe
1033 1331 1258 1389 animum,
1296 1332 1328 1380 fi
1360 1337 1510 1382 modo
1546 1349 1674 1383 nunc
1706 1332 1827 1382 alios
1861 1340 2054 1390 ament;

327 1429 488 1479 Deum
523 1428 651 1478 enim
684 1428 844 1476 omnia
881 1425 1197 1488 intelligere3
1249 1428 1376 1478 hunc
1412 1442 1572 1480 autem
1603 1429 1748 1478 semel
1787 1423 2052 1490 promisxffe

325 1525 550 1575 fauorem
584 1524 711 1574 suum
755 1522 878 1571 alios
914 1520 1141 1572 homines
1181 1524 1484 1582 amantibu33
1534 1524 1583 1574 in
1622 1524 1722 1575 hoe
1765 1537 1885 1585 ergo
1930 1535 2052 1582 pro-

326 1616 464 1666 rniffo
500 1618 896 1681 acquiescendum
933 1616 1047 1668 effe.
1137 1617 1236 1669 Alii
1267 1620 1328 1668 fic
1368 1620 1651 1682 explicant:
1721 1618 1772 1671 Si
1808 1616 2054 1666 conscien-

326 1712 446 1763 tiam
501 1714 732 1776 nostram‚
796 1728 939 1775 quum
994 1716 1115 1761 male
1171 1713 1393 1773 facimuS,
1448 1718 1598 1764 latere
1645 1731 1742 1765 non
1788 1715 2050 1777 pofl'umuS,

324 1811 483 1858 multo
523 1807 680 1858 minus
724 1809 881 1857 Deum
915 1811 1065 1858 latere
1114 1809 1402 1870 poterimus.
1471 1809 1763 1859 Scholiastes
1799 1811 1908 1859 MS.
1944 1807 2049 1858 Pri-

326 1893 447 1953 (8ὲο
485 1901 697 1955 citatus}
763 1903 803 1951 ἐι
854 1910 1165 1964 ἁμαρτάνοντες
1210 1905 1290 1961 τήν
1336 1913 1504 1965 καρδίαν
1548 1902 1708 1955 ἐαυτῶν
1754 1910 1976 1954 λανθάνειν
2020 1901 2049 1953 ε’

323 2002 561 2057 δυνάμεθα,
611 2006 721 2059 πόσῳ
775 2009 938 2056 μᾶλλον
993 2006 1066 2048 τὸν
1124 2003 1222 2049 θεὸν
1269 2004 1484 2050 λανθάνειν
1536 2001 1565 2052 δ’
1623 2004 1855 2060 δυνάμεθα.
1951 2002 2049 2050 Sed

323 2092 464 2157 prior
499 2093 762 2156 explicatio
799 2095 1116 2156 praeferenda
1150 2094 1236 2142 est.

483 2269 565 2309 21.
607 2255 684 2306 ε’ᾰν
725 2253 753 2313 ἦ
800 2263 953 2315 καρδία
993 2279 1058 2289 -
1108 2263 1180 2305 τὸν
1230 2253 1359 2313 θεὸν)
1417 2250 1601 2325 Qodfi
1653 2253 1920 2303 uenerimus
1975 2266 2047 2311 ev,

326 2358 382 2401 ut
415 2349 514 2419 ipse
554 2351 744 2400 animus
777 2346 932 2413 noster
978 2363 1063 2398 nos
1110 2363 1256 2418 porro
1289 2365 1384 2399 non
1424 2356 1596 2414 angat,
1634 2355 1750 2399 tunc
1795 2347 1913 2397 bono
1950 2346 2047 2395 eri-

325 2462 427 2498 mus
464 2446 624 2496 animo
671 2461 788 2511 erga
843 2443 1022 2494 Deum.
1111 2443 1169 2495 In
1214 2444 1377 2494 uerbis
1421 2448 1515 2496 ἐὰν
1567 2445 1597 2500 24‘
1645 2454 1854 2504 καρδία
1899 2441 2046 2499 »ἱμῶν

325 2544 403 2603 μή
442 2539 866 2599 καταγινώσκῃ
906 2539 1055 2597 ἡμῶν
1089 2540 1160 2588 est
1201 2539 1505 2604 metonymia
1537 2537 1703 2588 effeeki
1743 2553 1832 2600 pro
1876 2535 2046 2590 cauffa,

325 2651 381 2690 et
433 2638 797 2699 intelligendum
855 2635 927 2683 est
977 2633 1077 2682 hoc
1128 2638 1190 2683 de
1243 2647 1304 2683 eo
1355 2633 1589 2695 homine,
1654 2631 1735 2696 qui
1787 2641 2047 2694 praecepta

328 2732 677 2793 Christiflbene
728 2728 882 2788 nouit,
935 2741 986 2778 et
1019 2733 1079 2778 ad
1125 2744 1178 2777 ea
1213 2730 1259 2778 se
1306 2740 1528 2792 tanquam
1573 2732 1633 2777 ad
1671 2728 1912 2791 speculum
1957 2739 2044 2775 ex-

323 2817 508 2893 plorat.
607 2834 934 2887 Παῤῥησιάιν
992 2822 1216 2884 ἔχομεν
1269 2833 1402 2884 πρὸς
1451 2832 1552 2874 τὸν
1610 2827 1763 2880 θεὸν,
1805 2817 2044 2887 fiduciam

322 2923 376 2973 in
419 2922 531 2973 Deo
560 2934 741 2990 ponere
780 2916 1032 2988 pofficmus,
1079 2923 1177 2977 uel,
1225 2931 1276 2970 ut
1310 2919 1543 2969 Pricaeus
1584 2917 1825 2981 exponitt
1894 2913 2044 2964 fiden-

322 3030 401 3068 ter
437 3021 497 3068 ad
532 3017 689 3066 Deum
722 3016 1020 3072 accedimus,
1058 3014 1278 3065 nimirum
1316 3014 1550 3078 precibus
1592 3013 1790 3063 nostris.
1884 3010 2040 3059 Hebr,

323 3109 544 3175 1V„16.
607 3110 735 3162 Huic
766 3108 1058 3174 expofitioni
1089 3109 1276 3174 fauent,
1314 3123 1433 3173 quae
1473 3105 1632 3158 statim
1662 3109 1936 3170 sequuntur.

1855 3238 1937 3279 22.
1964 3233 2040 3277 ua)
