2155 3643
413 288 467 338 in
498 256 762 356 Epistulam
805 283 847 333 Ι.
883 280 951 333 ad
990 281 1302 334 Timotheum.
1371 280 1484 350 Cap.
1510 281 1620 335 IV.
1669 327 1674 351 ,
1786 291 1850 347 35

310 436 353 490 8.
401 431 430 490 η’
458 441 533 492 γὰρ
574 430 886 489 σωματικμῐ-
938 421 1170 489 ὠφέλιμος)
1219 426 1456 496 Corporea
1514 426 1638 475 enim
1698 438 1846 474 exer-

151 527 326 577 citatio
361 524 425 577 ad
459 523 599 575 breue
628 532 806 593 tempus
847 519 978 572 utilis
1018 518 1098 585 est.
1199 523 1289 570 Per
1337 519 1673 579 σωμοιτικνῑν
1713 543 1844 578 γυμ-

148 633 353 673 νασίαν
386 621 602 671 nonnulli
638 616 965 667 abstinentiam
1021 630 1047 663 a
1101 615 1345 676 coniugi0‚
1408 615 1542 675 uin0‚
1584 615 1706 665 cibis
1741 629 1842 664 me-

149 715 355 766 lioribus
410 727 505 764 etc.
555 715 635 763 alii
690 726 808 760 uero
860 713 1163 770 corporalem
1223 709 1640 771 exercitationem,
1696 709 1848 772 qualis

151 810 453 870 athletarum,
503 807 716 870 pugilum
773 817 869 856 etc.
924 802 1236 865 intelligunt3
1299 819 1397 852 non
1454 816 1505 853 ut
1538 804 1850 854 Timotheum

151 903 223 953 illi
264 917 455 964 operam
491 902 693 962 manasse,
750 911 796 948 at
834 901 1025 949 Paulum
1077 912 1139 945 ex
1186 896 1437 946 occasione
1476 897 1610 947 uerbi
1651 903 1853 956 γυμνά-

153 1008 270 1053 ζειν
303 994 632 1055 metaphorice
666 995 831 1057 positi,
874 998 933 1044 de
962 988 1251 1052 γυμνασιοξ
1299 990 1501 1051 proprie
1537 990 1680 1040 sumta
1711 995 1846 1041 locu-

151 1100 252 1139 tum
289 1089 578 1142 existiment.
645 1089 911 1151 Vtriusque
953 1086 1144 1152 generis
1178 1085 1461 1134 exercitatio
1499 1084 1704 1147 intelligi
1742 1095 1852 1147 pot-

151 1184 243 1233 est.
313 1182 634 1246 Oppofitione
686 1194 734 1232 et
788 1183 1014 1232 sententia
1069 1197 1166 1231 non
1220 1181 1399 1229 diffona
1435 1183 1559 1241 apud
1591 1181 1852 1229 Stobaeum

154 1278 509 1344 Pythagoraeus
543 1277 643 1335 ille,
690 1277 841 1325 Serm.
877 1276 921 1330 l.
958 1274 1117 1336 tsxu‘m
1152 1278 1206 1335 τῆ
1246 1278 1367 1335 ψυχῇ
1403 1286 1566 1333 μᾶλλον
1604 1274 1635 1330 ιῖ
1665 1277 1728 1337 τῷ
1769 1273 1853 1326 eai-

158 1395 265 1431 ματι
298 1369 415 1431 αῗρέ.
486 1374 708 1430 Ὀλίγον
740 1386 830 1433 pro
867 1379 1029 1428 ὀλίγοι
1063 1371 1216 1433 accipi
1251 1370 1431 1433 potest,
1474 1381 1528 1419 ut
1558 1370 1714 1419 sensus
1761 1370 1852 1420 fit:

162 1464 554 1535 Corporalisqilla
589 1466 883 1517 exercitatio
933 1463 998 1514 ad
1043 1476 1206 1531 pauca
1248 1462 1455 1529 confert,
1512 1474 1645 1527 puta,
1699 1464 1856 1513 futilis

161 1560 433 1610 certaminis
467 1558 741 1620 nietoriam,
789 1575 1049 1623 paucorum
1086 1560 1267 1610 dierum
1323 1561 1581 1618 sermoneS,
1628 1575 1858 1609 coronam

159 1658 428 1716 frondeam,
463 1669 512 1706 et
555 1654 751 1716 fimilia3
797 1659 876 1705 uel
923 1663 1058 1715 πρὸς
1114 1663 1330 1712 ὀλίγον,
1397 1666 1449 1703 ut
1488 1657 1583 1709 Iac.
1634 1657 1726 1713 IV,
1777 1670 1857 1718 14.

161 1752 383 1814 intellige
421 1760 581 1813 χρόνον.
700 1751 774 1799 Ita
820 1748 975 1798 sensus
1021 1747 1148 1802 erit:
1214 1753 1274 1799 ad
1323 1750 1568 1799 modicum
1621 1738 1859 1813 temporis

164 1848 364 1912 spatium
402 1842 690 1897 exercitatio
724 1842 944 1907 corporis
987 1844 1128 1894 uitam
1164 1857 1212 1894 et
1243 1843 1465 1895 uiriculas
1502 1845 1662 1906 fouet,
1717 1859 1861 1904 quum

166 1958 339 2002 nempe
369 1934 586 1991 senectus
624 1949 675 1988 et
705 1953 839 1987 mors
875 1942 954 1988 uel
987 1940 1333 1989 robustissimos
1379 1940 1597 1990 obruant.
1711 1941 1860 1991 Sene-

168 2050 224 2084 ca
260 2054 302 2086 c.
340 2036 434 2086 XI.
475 2034 722 2083 Consolat.
764 2034 821 2079 ad
854 2032 1119 2084 Marciam:
1175 2035 1339 2107 Qam
1378 2030 1492 2082 bene
1534 2033 1740 2095 (homo)
1785 2031 1863 2082 la-

168 2135 322 2180 certos
362 2131 603 2189 exercuit,
638 2122 888 2176 cuiuslibet
912 2124 1057 2190 ferae
1082 2125 1323 2195 pabulum,
1358 2124 1607 2176 cuiuslibet
1646 2125 1861 2179 uiffima.

168 2223 199 2282 η’
238 2224 287 2272 δέ
313 2221 510 2278 εὐσέβεια,
539 2247 604 2257 -
646 2221 854 2282 ω’Φέλιμός
897 2220 1010 2282 ε’ςιν)
1053 2230 1192 2282 Πρὸς
1227 2230 1418 2273 πάντα
1452 2220 1553 2284 hic,
1596 2235 1647 2273 ut
1678 2236 1699 2272 1
1746 2223 1865 2274 Cor·

169 2319 316 2373 XllI,
351 2331 402 2382 7.
470 2315 595 2365 Phil.
627 2315 721 2378 IV,
760 2328 838 2380 13.
882 2327 931 2365 et
964 2317 1217 2380 saepiffime
1248 2318 1296 2366 in
1328 2317 1401 2366 his
1445 2314 1602 2380 libris,
1647 2316 1865 2382 intellige

72 2435 77 2438 ·
160 2409 275 2476 fere
312 2411 491 2472 omnia,
547 2414 625 2459 uel
671 2408 900 2478 pleraque
953 2411 1132 2464 omnia.
1221 2411 1357 2460 Facit
1400 2410 1524 2460 enim
1565 2411 1720 2472 pietas
1753 2428 1863 2475 per-

170 2510 368 2555 multum
420 2509 478 2555 ad
525 2508 695 2553 laetam
757 2515 900 2567 atque
942 2506 1243 2568 tranquillam
1297 2503 1606 2569 negotiorum
1664 2502 1863 2557 admini-

174 2599 472 2661 strationem,
520 2609 571 2648 et
625 2597 787 2652 reddit
823 2615 914 2649 nos
971 2600 1178 2649 idoneos
1229 2598 1454 2650 felicitati
1505 2598 1577 2649 illi
1628 2613 1869 2650 aeternum

175 2692 530 2755 percipiendae.
597 2684 745 2745 Poffis
780 2693 922 2744 etiam
955 2702 1052 2755 πρὸς
1087 2700 1230 2745 πάντα
1264 2693 1619 2754 subintelligere
1655 2703 1873 2755 χρόνον,

175 2787 229 2834 in
283 2801 412 2835 omne
462 2801 652 2841 aeuum.
837 2788 1085 2845 ἐπαγγελίαν
1120 2814 1184 2825 -—
1236 2786 1466 2851 μελλέσης)
1530 2788 1616 2838 Cui
1653 2789 1875 2858 praemia

175 2876 400 2946 promiffa
429 2879 548 2944 sunt
583 2886 631 2931 et
674 2877 816 2930 huius
847 2881 1116 2951 praesentis
1163 2888 1211 2932 et
1241 2876 1448 2946 futurae
1492 2881 1643 2934 uitae.
1767 2885 1876 2941 Τνῐν

180 2971 267 3021 νῦν
323 2975 462 3031 ζωήν
502 2990 716 3038 exponas
772 2975 916 3025 animi
968 2992 1135 3041 pacem
1192 2989 1241 3025 et
1301 2975 1714 3039 tranquillitatem,
1782 2981 1872 3028 bo-

182 3081 242 3115 na
281 3065 405 3118 uitae
453 3068 594 3118 huius
651 3080 752 3119 etc.
832 3069 955 3121 Luc.
1010 3069 1203 3128 XVIII,
1247 3083 1333 3133 30.
1418 3070 1598 3121 Matth.
1647 3071 1742 3136 VI,
1796 3086 1876 3137 33.

184 3159 369 3211 Seneca
438 3160 590 3225 Epist.
658 3174 747 3230 79.
916 3162 1051 3214 Nulli
1118 3179 1219 3215 non
1293 3163 1446 3217 uirtus
1519 3175 1569 3216 et
1634 3147 1750 3220 uiuo
1830 3180 1879 3218 et

1012 3253 1049 3303 C
1087 3267 1122 3310 2
1690 3273 1885 3314 mortuo
